4756 5788
563 383 643 469 170
931 353 1160 446 sextos·
1181 353 1463 449 Amorion
1489 317 1719 452 vicr'oit

560 566 798 638 omnesaue
825 545 871 632 iti
897 571 1060 632 carcere
1083 547 1268 652 necavit,
1295 569 1364 634 aut
1395 546 1572 642 dominis
1595 547 1642 636 in
1668 548 1901 638 servitutem
1925 551 2113 644 restituit.

563 751 609 795 eut
624 739 652 793 in
668 755 778 793 carone.
800 732 875 792 Leid.
889 730 938 790 set.
961 747 1006 789 out
1018 735 1047 788 in
1061 753 1119 792 aree
1133 753 1215 792 omnes
1232 749 1279 792 aut
1293 737 1322 791 in
1335 734 1467 848 [sanquis
1482 735 1607 794 moribus
1627 737 1714 796 liberti
1735 739 1832 818 ingrati
1855 739 1954 798 iterum
1975 739 2040 800 servi
2062 741 2112 800 lic·

562 833 679 879 meone,
714 831 747 870 ex
774 812 848 884 cujus
870 809 987 888 vestigiis
1012 807 1117 868 sortalle
1144 808 1201 868 lieri
1223 810 1321 889 pollet:
1351 828 1427 882 rent,
1447 831 1578 892 quoniam
1591 814 1667 873 liberi
1682 814 1731 874 else
1745 815 1889 875 neleillent.
1913 818 1933 875 l.
1948 837 1977 890 4.
1991 818 2064 876 Cod.
2078 819 2112 876 de

563 905 704 950 omnesaue
719 893 747 945 iro
760 893 830 955 atie,
850 903 895 944 aut
908 890 936 943 iro
949 907 1048 944 carcere
1060 889 1163 944 necavit
1176 903 1223 944 out
1242 890 1323 946 domi·
1336 871 1340 911 ¹
1351 887 1453 946 libert.
1469 895 1496 946 &
1511 909 1568 950 eur.
1583 891 1632 950 lib.
1650 893 1753 952 Severo
1767 893 1799 952 od
1814 895 1946 953 Sidonium
1961 893 2047 972 Apoll.
2063 893 2110 954 lib.

562 968 604 1026 nis
618 973 670 1025 Sic.
713 965 879 1024 Edideratiu
895 965 1001 1022 Minori
1024 963 1148 1023 Editione
1166 965 1282 1022 Sclrottus
1296 971 1323 1023 dt
1356 984 1402 1024 ιι.
1419 964 1505 1044 Epist.
1522 987 1551 1027 r.
1573 970 1734 1028 Commeat.
1756 969 1789 1030 ad
1810 972 1870 1028 Vel.
1894 974 2042 1030 Maximum
2062 971 2110 1029 lib.

562 1045 619 1114 ejus
642 1040 771 1101 Alseclac:
801 1043 905 1098 Omneis
922 1040 1077 1118 stuprorum,
1105 1045 1134 1098 in
1149 1061 1247 1099 carcere
1269 1046 1323 1099 διε.
1354 1061 1404 1100 vi.
1425 1062 1484 1116 cap.
1503 1063 1548 1102 11.
1572 1065 1662 1103 eoem.
1680 1066 1707 1104 2.
1735 1049 1922 1107 &Samuelem
1945 1051 2059 1106 Potitum
2080 1049 2111 1105 iu

563 1121 624 1180 Nec
638 1137 726 1176 tamen
742 1117 900 1174 mutationis
916 1117 989 1174 addit
1011 1115 1143 1184 ciuilem,
1165 1135 1251 1194 neque
1271 1135 1324 1195 ego
1353 1117 1527 1194 Ampliffimo
1550 1123 1759 1182 Commentario
1779 1123 1813 1182 ad
1834 1127 1902 1204 Leg.
1919 1128 1977 1182 Att.
1999 1145 2027 1204 p.
2045 1131 2114 1182 181.

563 1215 625 1256 eom
641 1193 729 1254 video.
758 1191 885 1253 Restituit
900 1212 946 1252 out
959 1193 1022 1253 ideo
1035 1195 1064 1253 in
1078 1194 1323 1272 servitutemque
1353 1195 1503 1254 ARNTZ.

1023 1595 1320 1688 CAPUT
1373 1597 1653 1688 XXXVII.

1052 1805 1684 1896 Aecunououm'

564 1984 625 2058 Ad
640 1987 854 2060 Mamertinos
870 1986 1047 2060 liberandos
1071 1989 1196 2077 molius,
1222 1983 1494 2080 Carthaginienses
1510 1943 1674 2078 xMefflono
1701 1987 1847 2080 expellit,
1874 1983 1916 2067 sl
1941 1985 2113 2062 iseronem

608 2087 731 2176 praelio
749 2087 783 2155 itt
798 2085 982 2156 deditionem
996 2087 1110 2179 accipit
1134 2087 1256 2178 Appius
1275 2083 1427 2153 Claudios
1446 2081 1589 2160 Caudex.

532 2320 552 2382 1
570 2291 757 2457 Appius
774 2287 963 2414 Claudius
981 2289 1096 2414 uillis
1113 2241 1460 2388 Volsiniensibus,
1477 2308 1760 2412 cognomento
1784 2287 1950 2414 Caudex
1967 2289 2110 2395 ditius,

388 2440 392 2449 ¹
529 2431 556 2492 2
666 2401 794 2488 lintei
811 2402 934 2487 Caeci
956 2399 1046 2486 siut.
1106 2399 1255 2487 Consul
1275 2395 1327 2483 ad
1341 2397 1614 2484 Mamertinos
1629 2397 1863 2488 hberandos
1883 2397 2014 2486 milsm
2031 2399 2110 2504 est,

368 2593 374 2604 .
1019 2549 1026 2564 ·
1937 2539 2112 2624 quorum

608 2725 620 2764 i
643 2701 755 2776 Villius
780 2677 911 2774 Joeieni
932 2717 996 2758 veto
1017 2699 1154 2776 Grep'onias
1174 2693 1210 2754 fic
1231 2693 1321 2766 locutu
1353 2715 1439 2754 renem
1439 2693 1543 2774 saepius
1559 2695 1618 2754 beroe
1630 2711 1780 2774 pugnatam.
1802 2661 1928 2758 MACH.
1967 2697 2110 2768 Volfinien-

461 2781 465 2804 ¹
565 2782 697 2840 tentabat:
719 2781 817 2854 Appias
839 2779 962 2835 Claudius
982 2792 1137 2852 cognomento
1160 2776 1278 2832 Caudex.
1299 2775 1323 2830 lr
1347 2771 1389 2848 fis
1403 2774 1504 2832 retineo
1518 2792 1552 2830 cit
1576 2775 1691 2831 Zenone.
1731 2777 1767 2832 Vo
1797 2773 1881 2854 nensis
1897 2795 1912 2834 a
1926 2775 2030 2852 Velfinii
2045 2777 2110 2853 qui·

565 2861 676 2917 vitilia
696 2859 742 2914 M.
757 2857 850 2911 Fuluio
871 2855 960 2929 relego
983 2852 1172 2928 Volſsnienfilus
1184 2849 1271 2926 confiel
1288 2851 1327 2906 od
1351 2848 1416 2908 dam
1432 2847 1597 2926 seripserunt.
1617 2851 1750 2908 SCHOT
1783 2893 1791 2910 .

566 2937 737 2994 Mamertinos
750 2933 950 2986 tolerarentur.
970 2931 1142 2990 SCHOTT.
1170 2929 1224 2984 Hic
1237 2943 1324 2983 crans·
1394 2929 1511 2984 Caudex.
1554 2925 1604 2984 Vel
1621 2927 1708 2986 Codex
1730 2945 1893 3006 utrumque,
1920 2945 1950 2985 ut
1967 2923 2112 3006 plaustrum

606 3010 700 3067 sitione
715 3023 850 3084 peccorum
865 3004 920 3062 est:
941 3003 1001 3080 lego
1015 3023 1048 3060 ex
1070 3005 1181 3060 Villoris
1200 3002 1281 3082 genio
1297 3005 1325 3056 dt
1350 3000 1510 3087 pli-illrum.¹
1548 2997 1676 3060 stautem
1691 3001 1719 3062 id
1732 3002 1869 3063 ddunt
1892 3023 1959 3084 num
1981 3004 2110 3064 crassioris

590 3082 696 3141 istoriae
711 3082 828 3140 veritate.
848 3082 948 3156 Appius
958 3079 1081 3134 Claudius
1095 3092 1249 3152 cognomento
1256 3079 1326 3132 Ceu·
1352 3091 1478 3134 materiae
1487 3097 1493 3133 t
1503 3077 1564 3134 rude
1577 3081 1737 3138 coumcoriae
1750 3101 1830 3137 naues
1843 3021 1940 3138 trites
1958 3081 2104 3155 Sallustius:

567 3159 732 3226 texuimus,
747 3157 836 3235 frater
850 3157 925 3212 Caeci
939 3155 1017 3210 uillis
1030 3151 1217 3228 Voltnierfilus
1231 3151 1331 3228 Consul
1354 3151 1487 3230 Quodam
1502 3154 1538 3210 ibi
1551 3175 1631 3214 merres
1651 3159 1789 3214 codicariae
1805 3171 1853 3234 pet
1874 3158 1981 3232 Mentem
1989 3155 2110 3234 firdrieo·

568 3239 607 3295 ed
636 3237 807 3293 Mamertinos
837 3230 979 3287 liberandos
1011 3234 1047 3286 mi
1067 3252 1096 3287 us
1127 3227 1172 3306 ιβ.
1200 3229 1323 3288 ANNA.
1353 3243 1394 3286 toe
1407 3233 1497 3290 occulte
1515 3232 1634 3290 oderant.
1656 3233 1784 3290 MACH.
1824 3233 1905 3288 MSS.
1922 3231 2056 3292 libroruin
2077 3255 2109 3294 ert

569 3312 749 3388 Vulfinenfilus
765 3308 807 3367 rel
820 3305 1017 3382 Voltinenfibas
1031 3309 1112 3364 MSS.
1132 3323 1187 3362 non
1201 3303 1325 3363 inusitato
1353 3301 1479 3384 scriptura
1500 3305 1557 3378 est,
1583 3315 1612 3368 lt
1632 3310 1750 3366 Caeritis
1771 3305 1881 3366 format.
1922 3309 2056 3368 Cainoeus
2078 3316 2109 3370 δι

568 3391 702 3448 varietate.
729 3387 798 3448 Vide
819 3385 843 3440 C
871 3385 1096 3460 .Hoirercompum
1110 3380 1142 3441 ad
1156 3381 1262 3440 Tertull.
1285 3385 1323 3438 A·
1351 3381 1452 3460 vulgati
1474 3387 1584 3442 Caudex
1606 3386 1747 3454 Coudaois,
1774 3403 1831 3442 non
1850 3384 1930 3442 tolie.
1950 3384 2016 3444 libet
2037 3389 2109 3445 enti-

568 3465 663 3545 polog.
686 3483 743 3542 cap.
766 3481 857 3520 xxiv.
898 3479 987 3531 .24o.
1030 3459 1114 3518 Posset
1139 3457 1197 3516 fieti
1224 3476 1255 3516 ut
1275 3455 1325 3516 hae
1351 3478 1420 3538 quus
1436 3463 1544 3519 Corolex
1556 3462 1650 3520 illilus.
1689 3459 1769 3521 Unde
1781 3479 1870 3520 autern
1884 3463 1991 3520 Caudex
2006 3461 2110 3534 diuus,

569 3541 638 3599 duos
655 3559 733 3598 voees
746 3541 826 3597 Villis
838 3479 1025 3612 Vollnienfibur
1047 3536 1123 3616 eulpa
1137 3535 1323 3594 librariorum
1349 3536 1410 3598 ride
1423 3539 1541 3595 Senecam
1558 3535 1751 3618 Philosophum
1764 3539 1797 3598 de
1812 3535 1942 3598 Brevitate
1957 3541 2035 3598 Vitae
2049 3560 2108 3618 cap.

568 3615 736 3753 irdrepseritppj
748 3613 851 3753 (18ιὲοε
873 3613 983 3748 rpluille
1003 3612 1107 3678 videtur
1125 3614 1216 3700 etium·
1228 3611 1324 3745 Lipsius
1349 3631 1427 3746 ppii.
1469 3615 1503 3672 Et
1522 3617 1692 3750 plitaniae&
1700 3615 1741 3749 vii
1757 3617 2109 3750 Ielourlieorigecppgrpfpjusd

864 3735 871 3750 .
915 3709 990 3748 inca
1012 3709 1110 3748 .ιιιι.
1131 3707 1245 3747 comita
1280 3707 1325 3746 aee
1394 3712 1422 3746 roo
1586 3715 1591 3724 ·
1842 3735 1849 3750 .
2098 3735 2109 3751 .

568 3714 793 3847 icrbinpeioserui:
814 3711 884 3856 iiip.
901 3709 1024 3826 Claudiios
1045 3771 1151 3826 Cauelex
1173 3769 1248 3823 Caeci
1262 3764 1325 3843 fin·
1351 3711 1464 3825 cintii
1479 3711 1512 3826 id
1528 3713 1636 3828 iiiiiin‘
1644 3769 1693 3828 lib.
1713 3715 1757 3828 Ha
1775 3691 1838 3848 ilii
1853 3788 1896 3828 ii.
1914 3775 1940 3840 §.
1953 3785 1978 3838 ς.
1999 3771 2110 3828 Omnes

568 3847 684 3984 iil-“l
718 3843 1324 3982 isitii-listiltsititlli‘is
1350 3845 1584 3980 ”iiiiii
1600 3845 1892 4001 sissi-illlis
1908 3841 1999 3980 'ils
2007 3849 2109 3982 lli

568 3946 661 4060 iiiiii)
670 3945 834 4079 sportietot.
863 3964 924 4056 'sed
938 4000 984 4056 rix
999 3961 1260 4057 isoc'verosiniiteex
1275 4017 1326 4055 no·
1350 4013 1410 4056 oiite
1422 3997 1477 4073 ejus
1492 3946 1660 4058 meminisset.
1681 3945 1853 4058 sc'i'iOTTi
1880 3946 1889 3981 l
1991 3965 2005 4025 ‘³
2032 3943 2088 4004 qo

568 4094 595 4136 tu
610 4079 737 4155 sequenti.
759 4077 907 4135 ARNTZ.
1392 4095 1408 4131 o.
1427 4076 1620 4152 Monoertinos.]
1641 4075 1772 4151 Polybius:
1792 4075 1922 4135 Claudius
1938 4073 2041 4134 Consul
2055 4093 2109 4134 tro·

609 4153 826 4230 Volssnienfibus.]
861 4152 948 4209 Debet
973 4150 1024 4226 legi
1051 4149 1323 4226 Carthaginiensibus,
1350 4151 1444 4210 ducere
1458 4153 1546 4230 copias
1562 4153 1590 4209 in
1603 4152 1721 4210 Siciliam
1736 4157 1764 4208 δι
1779 4155 1947 4211 Mamertinis
1962 4173 2043 4230 opem
2057 4151 2109 4210 ser·

528 4297 529 4300 Ἴ
569 4229 723 4288 testimonio
737 4231 843 4288 Senecae
858 4229 886 4284 in
902 4225 1027 4307 Epistolis
1044 4226 1177 4284 scribentis
1192 4245 1253 4284 enin
1270 4229 1324 4305 pti·
1350 4247 1377 4286 te
1392 4225 1471 4302 pistus
1486 4227 1680 4306 professionem
1695 4228 1818 4308 patabat:
1840 4232 1997 4287 Mamertini
2017 4247 2110 4287 autern

569 4323 618 4362 sno
635 4307 735 4364 Punico
749 4307 818 4364 bello
834 4305 912 4362 viliis
935 4303 1184 4380 Carthaginienfilrus
1203 4301 1277 4363 clalle
1295 4304 1322 4364 id
1350 4303 1382 4362 de
1397 4304 1489 4392 populi
1503 4305 1623 4364 Romani
1639 4303 1742 4364 decreto
1757 4307 1881 4364 certiores
1895 4303 1976 4368 fatti.
1994 4301 2110 4361 Cattho-

570 4381 691 4440 ineruisse
705 4401 875 4460 cognomen;
895 4379 969 4459 quod
985 4387 1011 4438 lt
1027 4381 1117 4438 Lucius
1131 4383 1220 4438 Florus
1232 4383 1262 4438 in
1277 4381 1323 4438 Li·
1348 4379 1494 4459 giiiieirsem
1509 4381 1691 4460 praescitum,
1712 4383 1759 4460 qui
1781 4381 1809 4438 in
1834 4398 1891 4436 arce
1911 4375 2010 4460 politus
2031 4395 2110 4449 etat,

569 4459 612 4511 vii
625 4457 748 4534 epitomis
763 4461 796 4516 iis
812 4458 896 4515 verbis
910 4457 1012 4514 innuit:
1028 4460 1108 4534 Origo
1124 4459 1323 4534 Carthaginien·
1348 4455 1561 4529 circumsistunt,
1581 4479 1713 4520 unacum
1735 4454 1862 4537 pmefidio
1882 4453 2025 4534 dejiciunt,
2047 4454 2113 4531 post

559 4533 650 4610 stum,
669 4535 701 4595 de
716 4537 859 4608 primordio
879 4535 948 4590 ardis
961 4532 1124 4613 referuntur.-
1149 4550 1238 4592 contra
1252 4554 1321 4609 quos,
1348 4533 1457 4592 liberius
1479 4535 1625 4596 Consulem
1655 4539 1811 4593 Romanum
1835 4547 1878 4604 pet
1900 4528 1987 4585 literas
2010 4549 2108 4590 somne

569 4612 602 4674 de·
616 4611 749 4666 Hieronem
764 4614 854 4686 Regem
873 4613 1088 4687 Syr-ncusenorum
1109 4613 1238 4667 ouxo'liom
1258 4615 1322 4668 Ma·
1348 4614 1514 4670 Mamertini.
1548 4617 1592 4672 Dc
1605 4629 1724 4690 quorum
1739 4607 1803 4666 rino
1817 4605 1972 4662 Martialem
1984 4605 2014 4662 iu
2029 4603 2108 4666 disti·

568 4688 685 4745 mertinis
701 4683 835 4763 strenuum
856 4685 951 4757 confiuit
975 4687 1088 4762 serratus.
1128 4689 1192 4743 Turn
1229 4688 1322 4744 nimum
1348 4687 1405 4748 chit
1420 4688 1491 4768 lege:

567 4763 776 4844 moteepuitiitos
796 4765 915 4824 Romanis
935 4761 1091 4842 transgreffls
1111 4702 1236 4842 oduersss
1258 4765 1322 4823 llio-
1426 4766 1558 4842 nupto-o
1570 4759 1695 4840 Nestorea
1707 4759 2110 4899 Mamertinoquesenffiffl
