4760 5800
790 375 1803 543 remandato

356 741 368 770 ‚
545 639 816 742 Matrinius,
830 643 904 755 qui
926 638 1050 740 liber,
1065 643 1251 752 quamvis
1266 665 1351 728 non
1373 640 1502 726 multa
1517 645 1749 744 contineat,
1780 637 1930 758 quibus
1948 637 2081 754 juvari

545 761 615 846 hic
635 752 792 842 Austor
804 751 943 866 poffit,
952 757 1089 841 meriti
1097 773 1240 841 tamen
1258 752 1361 840 illud
1376 757 1548 864 gratiam
1564 781 1651 844 non
1665 759 1824 846 minuit.
1853 757 1965 845 Cum
1976 782 2081 844 vero

546 871 656 958 notis
675 867 865 955 interseri
877 867 960 976 jam
976 893 1062 953 non
1080 861 1238 978 pollent
1253 867 1453 954 variantes
1476 863 1699 956 Lettiones
1721 873 1765 958 in
1797 869 1999 964 addendis
2026 867 2081 955 de

547 981 753 1070 nonnullis
772 981 900 1094 iisque
915 983 1143 1092 praecipuis
1159 982 1410 1065 monuimus.

545 1137 548 1148 .
604 1093 831 1206 Epitomen
841 1093 1022 1180 Vilioris
1034 1094 1248 1180 meliorem
1264 1090 1439 1178 reddere
1451 1097 1590 1180 conati
1607 1097 1742 1184 sumus
1757 1121 1839 1210 ope
1858 1103 1983 1184 trium
1996 1095 2084 1182 Co·

546 1208 704 1294 dicum.
732 1201 865 1292 Unius
883 1209 1046 1316 copiam
1067 1202 1185 1292 nobis
1202 1203 1326 1303 fecit,
1354 1201 1434 1289 save
1449 1208 1586 1314 potius
1600 1211 1844 1296 variantium
1861 1207 2084 1298 ledionum

547 1319 973 1546 titillanti*
993 1313 2136 1544 Pallidi·litantiallalt‘ltltt2

535 1511 541 1522 .
965 1488 979 1530 5

548 1547 801 1634 humanitate
817 1547 955 1635 meriti
973 1545 1216 1634 memoriam
1230 1541 1337 1628 colo.
1377 1539 1586 1654 Excerpta
1599 1564 1715 1632 erant
1731 1573 1785 1634 ex
1798 1545 2085 1656 Manuscripto

548 1657 761 1760 Gudiana,
789 1663 863 1774 qui
883 1683 994 1746 nune
1023 1654 1281 1770 Guelfelbyti
1309 1653 1372 1766 (dc
1399 1657 1498 1744 inde
1526 1655 1668 1745 Guelf.
1697 1659 1876 1770 adpello)
1903 1658 2085 1745 servatur

548 1771 867 1860 num.8e.Duos
889 1767 2090 1886 reliquos·debemusBibliothecaeLugdrtnoBatavae.Eos·
2185 1871 2192 1880 ,

546 1910 634 1998 qne
645 1885 847 1974 benevola
859 1883 1007 1971 summi
1021 1884 1248 1968 Burmanni
1260 1881 1719 1992 voluntatepariiludio
1733 1912 1829 1975 cum
1846 1885 1967 1976 editis
1986 1908 2088 1970 con·

550 2001 645 2084 tulit
661 1999 795 2099 idem,
824 2024 950 2108 quem
963 1995 1076 2092 dixi,
1100 1993 1246 2080 Frater
1262 2017 1398 2088 meus,
1417 1991 1544 2103 quod
1560 1987 1604 2074 dt
1626 1991 1670 2076 b'i
1700 2031 1705 2052 =
1737 1995 2087 2107 ublieeprofiteor

549 2109 741 2200 libenter.
798 2107 867 2193 Ad
890 2131 1032 2193 manus
1056 2103 1228 2190 fuerunt
1252 2103 1396 2192 Editio
1416 2101 1572 2188 Aldina
1589 2102 1684 2188 MD
1730 2101 1803 2189 Vl.
1832 2107 2089 2222 Gryphianae

550 2220 695 2332 Lugd.
714 2215 1055 2306 MDXXXVlli.
1083 2213 1128 2299 dc
1144 2213 1315 2303 MDLl.
1328 2268 1331 2278 -
1345 2211 1530 2314 &aliae,
1559 2213 1630 2300 sed
1643 2212 1792 2328 quibus
1809 2240 1895 2312 non
1910 2221 2088 2310 multum

550 2335 685 2442 juvari
706 2333 852 2443 potui,
880 2353 977 2416 curn
994 2329 1119 2416 altera
1140 2330 1308 2418 alteram
1326 2344 1501 2415 tueatur.

611 2443 655 2532 ln
672 2463 791 2532 textu
811 2441 1085 2554 exprimendo
1098 2441 1256 2532 Schotta’
1270 2440 1511 2528 Editionem
1530 2443 1619 2530 dari
1632 2446 1886 2552 curavimus,
1904 2443 1988 2532 ,sed
2003 2470 2092 2540 non

554 2557 704 2646 dubito
724 2556 816 2643 fore
830 2554 1068 2668 plerosque,
1095 2557 1169 2667 qui
1186 2551 1400 2641 confilium
1420 2580 1561 2643 meum
1588 2555 1776 2666 culpent,
1807 2559 1922 2669 quod
1949 2559 2092 2647 multis

555 2673 602 2758 in
616 2673 716 2756 locis
732 2695 819 2756 non
839 2667 999 2754 secutus
1025 2667 1098 2753 srm
1115 2695 1205 2765 eas,
1231 2691 1332 2780 quas
1351 2666 1435 2790 iam
1451 2671 1492 2754 in
1512 2687 1758 2758 contextum
1776 2688 1990 2784 receperat
2011 2667 2092 2758 Vir

556 2779 738 2883 Delius,
762 2778 1041 2890 conjedluras,
1068 2779 1318 2868 verosimiles
1344 2781 1442 2864 licet
1480 2779 1650 2866 &fidei
1688 2781 1879 2870 historiae
1910 2786 2093 2871 maxime

553 2899 865 2982 convenientes.
918 2891 1043 2981 Haec
1057 2893 1170 2978 enim
1191 2891 1330 2976 multis
1354 2887 1471 2976 sedet
1489 2891 1712 2994 sententia,
1742 2895 2019 3010 siquidquam
2048 2898 2094 2986 in

555 3002 696 3118 priscis
713 3001 990 3112 Scriptoribus
1008 3024 1222 3102 occurrat,
1248 3000 1364 3115 quod
1383 3002 1452 3086 vel
1469 3004 1634 3086 veritati
1648 3027 1871 3112 repugnet,
1886 3013 1953 3092 vel
1967 3013 2093 3094 etiarn

467 3132 469 3140 '
558 3119 783 3234 elegantiae
799 3113 842 3198 dc
866 3116 1035 3226 puritati
1051 3111 1465 3226 minnsrespondeat,
1493 3112 1696 3199 urendum
1720 3116 1859 3223 potius
1884 3114 1930 3198 dt
1956 3115 2095 3202 secan-

552 3231 664 3318 dum
690 3227 770 3314 effe
792 3227 927 3324 illum,
956 3250 1081 3340 quam
1099 3228 1202 3343 quid
1217 3231 1542 3341 relinqueretur,
1563 3223 1684 3337 quod
1701 3219 1922 3313 Ledlorem
1941 3230 2096 3316 morari
2126 3239 2133 3256 '

536 3343 628 3431 'vel
650 3337 901 3428 acutioribus
924 3339 1136 3452 displicere
1164 3341 1306 3450 pollet.
1361 3335 1477 3424 Hinc
1496 3335 1576 3436 fit,
1604 3337 1771 3423 natales
1795 3335 1877 3426 save
1893 3339 2096 3429 Hillorici

559 3457 634 3544 feu
652 3457 808 3540 Poetae
824 3477 910 3541 non
923 3451 1015 3552 suo,
1045 3452 1116 3540 sed
1136 3449 1340 3551 Editoris,
1364 3475 1495 3562 quem
1515 3445 1620 3537 uadi
1639 3448 1751 3549 sunt,
1781 3451 1975 3568 cujusque
1985 3453 2096 3564 judi·

560 3568 630 3655 cio
649 3568 894 3680 loquantur,
918 3591 1018 3654 cum
1038 3565 1155 3654 suum
1182 3569 1331 3678 cuique
1349 3581 1635 3672 commentum
1650 3566 1818 3674 placeat.
1873 3565 1934 3657 Ea
1955 3565 2096 3678 srpro·

557 3681 681 3770 cedat
700 3677 851 3790 agendi
865 3683 991 3778 ratio,
1019 3677 1154 3783 felicia
1177 3703 1273 3764 cum
1294 3697 1487 3787 tempore
1510 3703 1559 3760 ea
1587 3679 1826 3764 exorientur
1853 3675 2013 3780 secula,
2041 3701 2094 3766 ut

557 3795 712 3909 priscos
729 3789 959 3903 Scriptores
976 3791 1215 3903 &gentium
1228 3790 1346 3877 sacris
1363 3785 1789 3876 addidiosChrilliano
1805 3793 1905 3876 orel
1966 3795 2008 3878 ui
2022 3821 2094 3882 au·
2216 3841 2223 3849 ·

486 3927 487 3932 ‘
559 3909 742 4003 diurnus,
768 3903 940 3991 simodo
954 3907 995 3990 in
1016 3903 1128 3989 hunc
1149 3903 1216 3990 vel
1233 3905 1358 3990 illum
1376 3899 1625 3990 Christianae
1646 3902 1855 4010 religionis
1876 3901 1933 3986 do
1976 3931 2094 3996 orem

557 4017 774 4114 inciderit,
802 4019 874 4128 qui
895 4017 1065 4129 egregie
1083 4017 1263 4115 curabit,
1292 4036 1441 4104 aetam
1460 4035 1599 4125 turpes
1614 4016 1797 4101 maculae
1808 4021 1881 4098 eos
1907 4013 2093 4107 dehone-
2140 4049 2154 4072 ⁸

559 4131 666 4220 slent
685 4129 1015 4241 Scriptores,qui
1037 4131 1189 4216 teneris
1204 4155 1428 4242 puerorum
1446 4129 1588 4212 animis
1608 4127 1662 4213 ad
1678 4125 1924 4214 imitandum
1939 4151 2093 4242 propo-

558 4269 728 4334 nuntur.
780 4241 897 4356 Quid
911 4241 1001 4326 bac
1031 4267 1077 4328 re
1090 4237 1325 4345 effecerint,
1351 4242 1420 4330 vel
1439 4241 1576 4351 potius
1593 4233 2020 4328 efficereconati'fint
2041 4247 2094 4345 ii,

560 4358 688 4470 quise
706 4355 761 4442 de
782 4351 989 4442 Societate
1007 4353 1106 4467 Jesu
1128 4359 1378 4466 profitentur
1401 4352 1645 4450 Pontifices,
1668 4345 1922 4464 quotidianis
1948 4359 2094 4446 convi-
2248 4415 2261 4444 .

562 4471 640 4554 aiis
658 4485 888 4580 queruntur
905 4466 1181 4565 cordatiores,
1207 4467 1253 4550 δι
1270 4469 1461 4557 meliores
1473 4465 1783 4578 promovendae
1798 4466 1990 4576 religioni
2003 4473 2094 4565 An·

552 4579 718 4666 tistitea.
775 4576 858 4660 Sed
876 4575 1070 4660 hocloco
1084 4579 1291 4663 mittamus
1306 4575 1503 4690 querelas.
1560 4579 1730 4666 Interim
1753 4575 1982 4664 admisimus
2003 4583 2093 4667 vul-

558 4721 680 4821 geres
691 4689 874 4804 capitum
888 4681 1164 4818 distindiones
1176 4743 1191 4794 ,
1218 4693 1416 4808 quasipse
1434 4691 1622 4780 &hatrat
1637 4683 1884 4795 instituerat,
1901 4694 2092 4898 quamq?
