1190 1450
362 269 1038 354 PRAEFAT10<*

265 386 547 420 CANDIDO
590 384 1036 447 ET'BENEVOLO

439 472 472 511 L
501 471 532 509 E
561 471 597 508 C
627 470 665 508 T
695 470 733 507 O
762 471 796 508 R
826 472 853 508 Ι.

425 612 426 617 ,
440 591 508 613 Rodit
524 591 610 613 tandem
624 591 670 619 post
683 592 755 618 longas
767 598 834 613 moras
845 606 852 617 ‚
880 592 1034 623 insperatusque

425 631 427 644 ι
440 619 497 641 casus
515 619 614 648 Epitome
628 619 649 641 δε
665 619 769 642 Historiae
781 620 888 641 Romanae
901 621 956 649 quafi
967 624 1035 644 conti-

439 653 501 670 nuata
512 648 572 674 series
580 663 586 673 ‚
600 655 653 677 quae
661 656 673 670 a
680 648 733 676 Jano
743 647 764 669 &
772 648 860 670 Saturno
871 656 934 677 usque
943 651 969 671 ad
977 652 1035 673 Con-

438 676 505 698 stantii
513 677 618 699 decimum
626 676 762 699 Consulatum
771 677 902 704 perducitur,
913 678 949 699 nifi
957 678 1034 701 aufflo-

437 712 482 727 rem
506 705 615 734 sequamur
632 706 731 730 alterum,
746 706 782 733 qui
806 706 827 727 in
847 705 907 733 ipfius
918 706 1034 729 Theodofii

435 738 526 754 mortem
548 732 637 753 roceffit.
665 733 720 753 Inter
734 739 807 754 omnes
821 735 951 760 ingeniorum
960 735 1034 761 foetus,

439 766 492 787 quos
500 760 526 780 ad
555 766 578 787 os
587 759 652 787 prisca
659 759 767 780 transmisit
776 760 894 787 Antiquitas
902 776 909 785 ,
923 763 959 783 vix
969 764 1033 785 ullum

264 788 326 810 alium
336 788 427 815 reperire
435 787 515 812 licebit,
529 787 557 808 de
568 787 626 814 cujus
636 794 687 809 vero
698 786 789 808 Auflore
803 787 837 808 {ut
848 788 946 810 incertior
956 797 989 811 res
997 791 1033 816 fit,

232 818 235 822 '
263 821 298 838 aut
316 815 407 845 diversae
424 816 487 843 magis
506 815 643 837 Eruditorum
655 815 767 837 sententiae
776 830 783 840 ‚
798 820 821 837 ut
833 816 854 837 in
866 821 922 838 tanta
934 819 1032 841 varietate

263 844 374 866 constituto
389 845 424 866 vix
436 844 549 865 decernere
561 844 633 869 liceat,
648 845 681 865 cui
695 843 823 871 potiffimum
834 844 935 867 calculum
944 846 1032 873 adjicias.

263 872 348 894 sienim
360 872 412 894 bene
419 873 489 894 animo
499 873 616 900 peregeris,
630 872 681 900 quid
694 873 782 900 quisque
792 878 830 899 pro
842 872 876 893 fua
888 873 987 896 sententia
1002 876 1032 896 Ιο-

239 912 244 917 ·
263 906 348 929 quatur,
362 908 442 930 quaeve
449 905 568 929 argumenta
575 900 602 922 ad
614 907 628 921 o
643 901 735 922 inionem
742 900 879 922 stabiliendam
888 902 977 927 adferat,
991 903 1032 925 huc

263 930 347 951 tandem
362 929 437 951 evades
448 944 455 954 ‚
476 934 499 950 ut
514 929 613 950 incertior
635 935 685 956 nepe
699 928 722 950 fis
732 943 739 953 ,
754 935 815 956 quam
830 934 895 950 antea.
924 931 995 958 Quare
1010 932 1032 952 ὅς

263 958 338 980 horum
349 958 447 980 librorum
456 972 462 981 ,
478 957 498 978 &
510 957 593 978 aliarum
604 957 666 978 etiam
675 956 818 984 Epitomarum
830 958 972 980 conditionem
985 966 1032 981 ean-

264 987 312 1008 dem
326 985 366 1007 ess‘e
377 986 471 1007 existimo
480 1000 486 1009 ,
496 990 519 1006 ut
533 990 606 1007 verum
614 985 717 1012 scriptoris
729 992 806 1006 nomen
825 985 938 1013 ignoretur.
966 987 1031 1015 Quod

263 1015 339 1036 merito
347 1015 370 1035 iis
377 1015 465 1036 evenisse
473 1013 532 1035 facile
541 1020 623 1035 mecum
633 1013 769 1034 adfirmabunt
778 1013 917 1039 cordatiores,
931 1021 979 1036 cum
995 1015 1031 1043 ipfi

262 1044 284 1064 in
295 1042 360 1064 caussa
373 1042 450 1064 fuerint
458 1057 464 1066 ‚
479 1042 538 1069 quod
551 1047 593 1063 tam
605 1042 681 1063 multae
688 1042 838 1069 praeclarorum
846 1043 975 1069 ingeniorum
985 1044 1031 1064 reli-

262 1072 322 1099 quiae
330 1072 418 1099 primum
428 1069 545 1098 neglectae,
560 1077 610 1091 mox
620 1069 722 1098 perditae,
765 1070 841 1091 rierint.
856 1071 914 1098 Quid
925 1071 978 1092 aliud
988 1071 1031 1092 No-

262 1100 292 1121 bis
306 1100 389 1121 Liviam
399 1100 486 1126 eripuit,
501 1098 538 1119 nifi
551 1098 635 1119 obscura
644 1098 696 1119 male
709 1098 729 1119 se
746 1098 773 1119 uli
785 1098 931 1125 Epiromatoris
944 1099 1030 1127 diligen.

259 1128 303 1149 ria?
333 1128 359 1149 Et
369 1128 419 1149 haec
430 1126 459 1148 est
466 1126 588 1154 quotidiana
596 1125 712 1147 DoRorum
723 1127 813 1154 querela.
842 1126 899 1153 Quid
908 1127 934 1148 de
941 1127 1031 1155 Justino,

259 1157 311 1186 quid
319 1156 346 1178 de
357 1157 442 1177 aliorum
450 1160 538 1183 perpere
546 1153 613 1176 studio
624 1153 695 1176 sentiat
705 1153 838 1176 Doflissimus
847 1154 949 1182 Reinestus
964 1155 1030 1177 videri

987 1188 1030 1204 me-
