4628 5796
1523 79 1543 127 .

566 287 650 380 214
852 338 858 346 .
944 267 1166 366 currus
1194 272 1473 368 Anneius
1502 275 1729 368 moron

564 459 627 566 pis
652 458 906 566 pastoribus,
944 460 1195 570 provinciam
1233 461 1453 576 ingressui,
1488 463 1643 576 Regem
1664 463 1909 576 'Philippum
1943 474 2099 582 praelio

528 567 692 670 eludit,
720 567 853 652 cultris
875 570 997 652 exuit.
1052 571 1195 656 Filium
1215 583 1294 677 ejus
1315 574 1573 670 Demetrium
1591 570 1767 658 obsidem
1787 575 2099 688 acecpit‚quem

530 678 738 788 3pecunia
759 681 973 763 mulcatum
984 679 1029 764 in
1039 707 1212 791 regumn
1228 679 1413 768 restituit.
1470 679 1512 768 A
1536 681 1696 768 Nabide
1716 712 1876 796 quoque
1895 685 2099 812 Lacedae-

1953 825 2100 888 monio
2164 827 2171 838 ·

607 1012 620 1050 1
643 997 764 1053 Flaminii
777 1002 821 1072 qui
832 1002 927 1076 apul]
958 1004 1038 1078 Quae
1057 1002 1201 1075 parentini
1225 1001 1317 1061 inelufi
1345 1019 1397 1056 one
1421 1019 1484 1058 eum
1506 1000 1616 1078 appellat
1637 1001 1711 1058 Plur.
1731 999 1814 1056 rum.
1831 1021 1856 1077 p.
1873 1019 1937 1070 370.
1953 1005 1983 1060 F.
2000 1004 2103 1062 Charo-

564 1085 622 1124 non
638 1070 689 1126 huc
705 1077 849 1149 pertinent,
871 1077 988 1152 adeoque
1003 1078 1130 1133 inculcata
1147 1077 1194 1135 elle
1215 1079 1249 1134 ab
1269 1079 1316 1133 ali·
1341 1091 1411 1149 pum.
1432 1076 1522 1132 Livius
1538 1077 1584 1132 lib.
1595 1096 1702 1133 xxrrr.
1717 1095 1828 1148 ripn.
1868 1079 2102 1136 Terminationem

532 1197 534 1202 ,
566 1148 725 1220 quoeredo.
767 1153 791 1206 Si
806 1151 832 1206 id
853 1171 907 1207 non
927 1156 1058 1230 imperto,
1080 1173 1134 1208 non
1159 1151 1261 1229 polium
1283 1155 1316 1210 ab
1346 1153 1469 1233 quumvis
1483 1170 1537 1206 non
1552 1151 1701 1208 admodum
1718 1171 1823 1218 morer,
1844 1152 1934 1208 malim
1949 1173 2037 1211 tamen
2052 1154 2102 1210 ad-

565 1225 960 1284 errorevindicercaue‘lorem.
1002 1229 1244 1285 Flamiuimiscninr
1260 1247 1316 1306 quo
1346 1228 1514 1302 lpirntionem
1529 1227 1656 1293 retinere,
1677 1228 1788 1284 crimine
1805 1227 1890 1283 ceteri.
1916 1227 1981 1286 Vide
1994 1231 2102 1288 Suidam

567 1297 600 1354 dc
615 1299 657 1355 hic
671 1303 775 1378 egitur,
795 1321 899 1382 egente
914 1307 1045 1377 Qniiidlia
1060 1307 1168 1382 patricia
1183 1305 1250 1372 fnit,
1271 1325 1317 1364 cu·
1345 1300 1374 1356 in
1403 1301 1513 1377 Χᾶςυψ.
1547 1301 1673 1359 Similiter
1694 1305 1762 1358 inter
1785 1305 1871 1378 Reges
1899 1302 2100 1362 Atheniensium

566 1374 608 1445 jus
623 1380 761 1436 Flaminini
781 1399 931 1458 cognomen
946 1381 1000 1448 cst,
1022 1385 1054 1436 C.
1070 1401 1132 1438 vero
1156 1383 1316 1448 Flaminius,
1348 1377 1458 1452 Charops
1477 1395 1659 1445 memoratur,
1680 1378 1713 1433 de
1737 1397 1793 1454 quo
1815 1382 1930 1452 Scaliger
1952 1379 1986 1436 ad
2000 1363 2099 1456 Euftis'i

568 1471 583 1508 e
600 1454 727 1511 liununir
743 1457 849 1530 plebeii.
891 1461 953 1513 Hoc
966 1457 1079 1532 amplius
1090 1499 1097 1524 ,
1108 1457 1219 1530 quidam
1233 1456 1316 1512 codex
1348 1451 1451 1507 Chron.
1467 1453 1499 1509 ad
1518 1456 1590 1509 Anu.
1609 1472 1770 1510 nccrxrv.
1790 1457 1902 1530 Charops
1916 1455 2051 1530 Troianus
2070 1476 2099 1514 a·

567 1530 638 1586 ruric
651 1530 691 1604 Q
706 1552 864 1608 praenomen
879 1532 1063 1611 adscripscrat,
1083 1531 1202 1590 officiose
1217 1532 1317 1600 nimis,
1347 1528 1401 1602 pud
1416 1531 1539 1584 Ouidium
1553 1529 1600 1584 lib.
1619 1547 1693 1584 rrir.
1712 1535 1781 1586 Met.
1795 1529 1862 1586 vetl'.
1880 1537 1946 1588 260.
1989 1533 2022 1588 Et
2035 1533 2100 1589 inter

566 1621 629 1660 cnm
645 1607 705 1681 Cajr'
725 1607 802 1666 fuerit
823 1612 893 1684 ejus,
915 1611 960 1688 qui
981 1611 1014 1667 ad
1030 1608 1217 1667 Trasimenum
1240 1609 1319 1664 inter·
1348 1606 1463 1660 Graecos
1480 1604 1592 1660 occurrit
1606 1605 1705 1660 Nireus
1721 1608 1830 1678 Charopi
1853 1603 1926 1663 filius
1947 1610 2048 1664 Homer,
2063 1609 2098 1666 u:

564 1680 652 1737 leuis
677 1683 724 1741 est.
766 1690 917 1744 Plutarchus
950 1687 1029 1744 etium
1064 1687 1163 1762 ubique
1199 1703 1320 1760 corrupte
1349 1683 1379 1736 Β.
1399 1681 1428 1736 in
1450 1681 1536 1738 Catii.
1559 1678 1624 1736 vers.
1652 1700 1714 1752 179.
1742 1680 2098 1754 uygin.iib.xcv11.er

568 1757 699 1828 Φλιμίιιω
715 1781 808 1832 vocnt,
824 1763 871 1818 nisi
887 1781 1028 1840 operurum
1043 1781 1128 1818 error.
1149 1763 1318 1818 SCHOTT.
1350 1755 1454 1811 Murci.
1478 1757 1511 1812 nd
1535 1755 1623 1811 Eund.
1646 1755 1701 1811 lab.
1725 1750 1834 1812 cbuxx.
1855 1759 2010 1834 Charopinus
2029 1759 2097 1837 apud

568 1834 709 1892 Omnibus
733 1837 787 1894 fere
815 1838 895 1905 iecit,
925 1840 971 1896 ubi
1000 1841 1188 1903 Flamininum,
1217 1855 1317 1912 coguo-
1348 1835 1499 1888 liundorum
1521 1832 1569 1888 lib·
1587 1849 1690 1908 ΜΡ·
1707 1851 1795 1897 ΧΟΙΧ·
1817 1838 1844 1887 ὅ(
1862 1835 1982 1890 dimid·
2002 1833 2048 1891 iib-
2064 1855 2096 1892 v·

566 1927 630 1966 rnen
650 1909 765 1970 familiae
780 1916 925 1987 Quinc‘iiue
948 1915 1145 1979 Purriciorum,
1166 1911 1216 1987 legi
1238 1931 1318 1985 opor·
1347 1907 1504 1982 Epigul.
1545 1909 1606 1963 Hac
1621 1908 1702 1981 igitur
1718 1907 1745 1962 in
1760 1925 1834 1984 pirre
1849 1905 1950 1964 securus
1965 1907 2023 1966 sum
2045 1913 2097 1968 Al-

567 1984 654 2052 tebit,
674 1992 790 2043 occurrit
803 1993 1080 2055 Flaminium,nomen
1097 1988 1236 2063 plebejunr.
1254 1987 1317 2042 Vid.
1345 1984 1403 2036 dum
1418 1999 1582 2058 ceterosque.
1602 1984 1750 2040 ARNTZ·
1832 2023 1834 2028 ·

566 2059 648 2129 Beſsus
663 2063 695 2118 ud
711 2066 830 2136 Nepotem
845 2067 938 2119 Humi.
954 2084 1009 2139 cip.
1027 2083 1093 2120 xir.
1111 2071 1138 2132 §.
1159 2083 1184 2118 r.
1205 2065 1317 2116 Corum.
1383 2055 1598 2134 Praesumit]
1628 2060 1696 2112 Ante
1719 2076 1804 2114 annos
1827 2059 1934 2138 triginta
1960 2060 2033 2121 sexto
2053 2063 2098 2124 die

566 2133 599 2190 ad
614 2139 720 2210 Eutrap.
734 2137 781 2193 lib.
793 2157 841 2194 rv.
857 2157 913 2212 cap.
928 2158 969 2194 11.
990 2137 1089 2193 Duitr.
1104 2139 1136 2192 ad
1154 2138 1255 2191 Flo-um
1270 2131 1318 2192 1in
1346 2135 1447 2208 Regem
1466 2133 1618 2209 Philippum
1635 2131 1732 2208 praelio
1747 2133 1825 2192 ludit.
1865 2138 2015 2195 Plutarchus
2036 2137 2097 2198 scri-

570 2218 889 2285 11.cup.v11.§.1o.
911 2220 937 2268 δι
958 2217 1064 2270 Toron.
1085 2212 1118 2268 ad
1133 2213 1219 2268 Valer.
1235 2215 1316 2268 aidau.
1345 2205 1400 2274 bit,
1422 2207 1552 2284 fiquidenr
1576 2207 1730 2285 niniippue,
1759 2229 1819 2266 cum
1841 2227 1938 2268 teneret
1958 2215 2097 2273 cacumina

564 2279 910 2360 lib.v.cap.1r.exem.6.
938 2294 964 2346 δι
981 2289 1013 2344 de
1026 2288 1120 2344 eodem
1134 2306 1222 2343 errore
1236 2287 1314 2344 etiam
1344 2280 1494 2360 phalange,
1524 2283 1643 2360 undique
1672 2283 1806 2342 milliiium
1833 2301 1913 2361 atque
1939 2286 2098 2366 sagittarum

566 2355 657 2417 confer
677 2363 786 2418 Vmiani
808 2364 953 2440 Epistulam
975 2365 1009 2422 ad
1030 2365 1139 2439 Lipfium
1163 2381 1315 2419 ccccxxx.
1343 2359 1441 2414 idribus
1457 2363 1598 2416 Romanos
1614 2359 1731 2438 petebat:
1752 2359 1874 2420 accedunt
1888 2361 1955 2420 inter
1976 2363 2099 2441 pistores

567 2447 636 2490 torn.
654 2457 679 2493 1.
701 2439 763 2516 Syll.
781 2443 868 2498 Burin.
884 2459 911 2518 p.
927 2449 993 2512 uuo.
1035 2440 1084 2497 Sed
1104 2457 1166 2496 cum
1188 2438 1315 2496 omnibus
1341 2435 1453 2508 quidam
1468 2435 1624 2514 indigenae,
1646 2438 1691 2512 qui
1708 2455 1751 2512 pet
1766 2435 1897 2516 quosdam
1912 2438 2046 2515 neglestos
2060 2439 2096 2498 ab

565 2510 616 2566 illis
631 2513 695 2570 locis
712 2515 739 2570 in
760 2519 837 2574 MSS.
860 2515 914 2574 fere
936 2517 1078 2594 reperiatur
1100 2516 1238 2581 Flaminii,
1259 2532 1314 2570 non
1343 2505 1465 2566 hostibus
1478 2510 1612 2568 anliadius
1626 2513 1774 2570 exereitum
1793 2510 1843 2569 sese
1861 2509 1989 2574 dueruros
2002 2522 2030 2574 dt
2043 2533 2097 2574 ter-

564 2587 631 2644 adeo
651 2591 679 2646 in
700 2591 835 2650 librarios
856 2593 968 2667 injurius
990 2591 1067 2661 stim,
1093 2605 1123 2648 ut
1144 2593 1245 2668 iemper
1263 2590 1315 2648 iliis
1342 2585 1381 2640 rio
1396 2584 1506 2643 demum
1532 2587 1574 2643 die
1595 2587 1623 2642 in
1644 2585 1756 2644 summis
1777 2585 1934 2646 constituere
1955 2592 2098 2654 montibus

564 2664 700 2735 tribuam,
720 2667 794 2745 quod
808 2667 856 2746 ipsi
880 2670 1015 2746 scriptores
1037 2685 1141 2743 pectere
1163 2683 1315 2742 potuerunt.
1343 2660 1516 2737 pollicentur,
1544 2661 1608 2720 iidei
1628 2681 1691 2720 vero
1712 2663 1913 2737 cognitionem,
1933 2663 2096 2726 infirmatio·

566 2745 594 2796 dt
609 2740 661 2800 hoc
675 2743 805 2802 iocosum
820 2744 922 2804 secutus
945 2741 1100 2801 consensum
1124 2746 1203 2798 MSS.
1226 2745 1253 2798 dc
1272 2741 1316 2798 in·
1341 2755 1457 2815 nemque
1478 2736 1634 2814 praestitere.
1663 2742 1789 2795 MACH.
1832 2740 1900 2800 Vide
1920 2739 2023 2801 [iulum
2043 2743 2095 2803 lib.
2119 2785 2124 2796 .

564 2818 736 2892 prelorum,
764 2838 843 2898 atque
863 2824 899 2878 ira
924 2817 1046 2896 scripsrlle
1066 2816 1153 2894 ipsum
1171 2818 1314 2884 Vilior-em,
1344 2832 1450 2870 xrxrt.
1481 2819 1508 2868 δι
1531 2833 1646 2871 mur.
1675 2815 1798 2873 ANNA.
1847 2819 1873 2872 A
1900 2817 1985 2892 prima
2011 2837 2095 2880 menn

564 2911 651 2969 putet,
673 2898 736 2970 quia
750 2917 812 2953 eum
836 2899 956 2952 Flaminii
977 2894 1054 2950 furiat
1075 2893 1183 2960 filiuni,
1205 2890 1224 2946 si
1243 2894 1315 2948 enim
1345 2888 1427 2945 luerat
1441 2891 1470 2946 in
1484 2890 1576 2947 noina
1590 2893 1766 2967 expugnauit,
1786 2888 1831 2948 sed
1850 2893 2023 2954 emendatum
2042 2915 2092 2974 po-

565 2971 723 3026 Flaminiuus
738 2970 888 3047 scripfiil'et,
909 2970 1005 3026 nonin
1028 2987 1090 3026 eum
1114 2985 1230 3024 errorem
1251 2968 1316 3022 inci·
1342 2964 1406 3022 stet.
1679 3015 1684 3028 ,

564 3043 626 3108 dere
648 3043 792 3120 potuisset,
820 3062 850 3102 ur
869 3065 931 3100 eum
952 3047 1077 3100 Fluminii
1098 3042 1185 3098 filium
1210 3042 1314 3099 dicerer.
1382 3043 1593 3120 innuendam]
1613 3043 1881 3104 Plutarchuseverum
1889 3047 1971 3104 Titus
1982 3063 2093 3106 cumre-

566 3121 657 3196 utque
668 3121 706 3179 isa
720 3119 855 3197 lublcripsr
870 3120 966 3192 judicio
984 3118 1068 3176 Erud.
1084 3120 1169 3192 Piguit·
1183 3133 1251 3173 tom.
1271 3137 1314 3174 11.
1340 3133 1395 3193 gno
1411 3119 1584 3176 Macedoniae
1603 3119 1741 3188 restituto,
1762 3141 1777 3177 a
1792 3121 1903 3179 Graecia
1924 3122 1993 3198 jullu
2011 3121 2092 3182 absti-

564 3197 640 3252 Ann.
663 3216 689 3272 p.
706 3217 770 3270 249.
791 3203 818 3252 δι
841 3193 1159 3270 doiiratfiiadJuflinum
1181 3191 1228 3250 lib.
1245 3211 1313 3250 xxx.
1342 3210 1418 3261 erere,
1440 3191 1512 3251 mille
1525 3195 1627 3252 talentis
1640 3195 1733 3254 tributi
1748 3197 1876 3264 nomine,
1892 3203 1922 3254 dt
1935 3197 2092 3277 ptaoeerdc-

564 3289 621 3347 vap.
642 3291 670 3328 11
723 3280 749 3341 §.
765 3280 793 3328 6.
815 3271 961 3328 ARNTZ.
1331 3279 1395 3324 'cem
1416 3286 1513 3337 naues,
1540 3269 1661 3329 universa
1682 3272 1755 3330 clade
1774 3274 1951 3332 muletarum:
1978 3275 2090 3334 alterum

605 3293 728 3424 Consti]
757 3349 810 3402 An.
834 3351 872 3404 U.
895 3349 929 3403 C.
947 3361 1010 3416 555.
1037 3345 1235 3404 decimosexto
1256 3345 1314 3424 post
1339 3363 1372 3400 ex
1388 3343 1477 3402 liberis
1490 3346 1545 3418 ejus
1567 3350 1723 3406 Durserrium
1745 3367 1795 3426 pro
1814 3347 1905 3408 obiide
1925 3349 2090 3430 susceptum

564 3421 718 3493 incoeptum
740 3421 848 3481 bellum.
868 3422 937 3486 Vide
958 3425 1027 3480 Flos.
1042 3423 1091 3480 lib.
1110 3443 1155 3481 11.
1169 3441 1226 3500 cap.
1245 3441 1313 3482 vri.
1339 3424 1459 3478 Romam
1474 3422 1555 3479 mifit.
1578 3426 1703 3482 MACH.

563 3499 688 3556 ANNA.
1378 3498 1556 3631 illuderemp
1570 3501 1726 3557 Mulllarum
1740 3501 1842 3562 codices
1859 3503 1946 3582 paullo
1959 3501 2089 3562 vetustio-

603 3577 736 3664 Cuspio]
758 3579 887 3657 Reliqui,
909 3577 988 3638 solers
1010 3579 1111 3648 ledor,
1139 3579 1167 3637 in
1181 3577 1235 3634 vita
1257 3575 1314 3633 Titi
1339 3591 1389 3630 res.
1430 3575 1476 3630 Tu
1490 3573 1537 3630 scri
1558 3595 1571 3631 c
1592 3579 1738 3634 niensium:
1760 3597 1828 3656 quae
1847 3599 1918 3654 yox,
1939 3595 1968 3636 ut
1987 3579 2091 3657 plerae-

565 3651 708 3710 Flumimni
726 3655 845 3713 evolvere
859 3659 968 3733 poteris.
990 3659 1117 3714 MACH.
1160 3656 1240 3714 Varie
1254 3653 1314 3709 lcti-
1338 3669 1390 3728 qne
1404 3668 1475 3708 rarae
1489 3657 1516 3708 δι
1530 3652 1676 3728 elegantes,
1692 3654 1799 3713 abonis
1812 3655 1885 3713 libris
1899 3654 2023 3710 hellenus
2037 3673 2090 3711 ex·

465 3765 469 3776 ·
563 3727 635 3784 bitur
652 3731 679 3785 in
694 3733 810 3808 antiquis
824 3732 908 3790 libris.
929 3736 1057 3808 Charopuc
1072 3737 1151 3790 MSS.
1173 3729 1259 3806 prima
1273 3729 1313 3786 in·
1341 3727 1428 3784 lulat:
1456 3730 1610 3806 Reponitur
1633 3736 1660 3786 &
1682 3732 1709 3786 in
1731 3733 1865 3807 integnim
1886 3725 2033 3792 militumr
2056 3730 2088 3788 in

564 3805 696 3874 flexione,
713 3807 756 3863 alii
770 3810 894 3886 Charopes
908 3814 934 3864 ἃ
950 3811 1063 3886 Campe,
1083 3810 1226 3883 Gryphium
1247 3807 1313 3862 Cha·
1338 3807 1478 3872 Terentio,
1506 3807 1640 3873 Cicerone,
1669 3805 1760 3874 Liuio,
1787 3809 1900 3886 Nepete,
1927 3805 2087 3882 caeterisque

564 3885 631 3956 rapis
646 3880 823 3957 cumspiritu.
865 3881 994 3940 Ailentior
1016 3883 1169 3960 Vastusano,
1190 3883 1238 3960 qui
1261 3885 1311 3938 Ca·
1338 3881 1372 3937 ab
1393 3879 1451 3937 aliis
1471 3881 1592 3959 reposita.
1618 3883 1788 3939 SCHOTT.
1829 3882 1973 3961 Redime,
1999 3882 2087 3960 inquit

564 3962 619 4032 rapi
633 3959 739 4014 excudit
754 3959 865 4017 secundi
879 3959 1060 4018 declinatione.
1081 3960 1311 4016 Plutarchusenim
1337 3959 1466 4021 Sedulus,
1486 3960 1634 4025 mulcatum,
1655 3977 1723 4034 quac
1740 3979 1796 4016 vox
1813 3960 1883 4018 maie
1903 3957 1973 4037 apud
1993 3960 2084 4018 Teren-

563 4031 615 4100 sre,
637 4033 685 4090 nisi
707 4053 750 4091 me
765 4033 831 4092 fallit
852 4037 999 4104 memoria,
1020 4035 1140 4112 appellat.
1181 4037 1239 4100 Nec
1260 4035 1311 4090 mi-
1338 4035 1585 4102 rium,Cicermsm,
1595 4035 1699 4088 Livium
1715 4039 1742 4090 dc
1756 4033 1823 4091 alios
1837 4035 1866 4092 in
1879 4037 2009 4094 mularum
2021 4051 2084 4090 mu-

560 4125 624 4164 rum
640 4110 667 4166 in
688 4111 830 4186 peregrinis
845 4111 882 4167 itu
897 4112 1045 4177 variatum,
1066 4127 1128 4166 cum
1142 4110 1170 4166 in
1184 4108 1311 4166 domesti-
1337 4126 1388 4165 tata
1402 4107 1450 4164 est.
1491 4111 1608 4167 Multam
1627 4108 1736 4186 quidem
1760 4115 1788 4166 &
1807 4114 1916 4168 ululare
1937 4110 2086 4168 nereidem

562 4185 600 4238 eir
627 4191 653 4240 dc
680 4187 811 4242 Romanis
835 4187 991 4243 nominibus
1023 4186 1060 4243 ita
1092 4185 1151 4242 libri
1185 4201 1311 4262 pugnent.
1338 4184 1405 4240 sitiit.
1447 4183 1567 4250 Illuddc
1583 4199 1669 4262 poena
1691 4186 1856 4264 pecuniarii,
1885 4184 1955 4242 istud
1975 4185 2008 4242 de
2026 4203 2085 4242 rer—

564 4263 734 4317 SCHOTT.
774 4263 891 4321 Secunda
909 4262 1055 4321 inflexione
1082 4265 1226 4336 Chat-opus,
1247 4265 1314 4316 Cha·
1337 4259 1465 4346 beribus3
1480 4259 1546 4316 illud
1560 4280 1575 4318 a
1590 4259 1693 4318 Sabinis
1707 4279 1815 4331 ortum,
1836 4260 1906 4318 istud
1923 4280 1939 4314 a
1958 4262 2085 4344 insidenda

565 4341 630 4411 rapi.
671 4339 697 4395 Si
711 4337 786 4395 locus
801 4339 900 4396 mendo
921 4357 997 4396 carce.
1019 4342 1120 4396 Verum
1139 4343 1165 4394 δι
1188 4337 1223 4395 src
1244 4338 1313 4394 relic
1337 4335 1483 4392 deducitur.
1525 4337 1616 4394 Sed&
1630 4340 1738 4396 multare
1750 4340 1857 4410 aliquem
1873 4349 1980 4408 perum
2000 4353 2086 4392 vern-

566 4415 691 4488 Cbarops,
713 4417 843 4490 Charopis.
864 4415 973 4489 xlii„
990 4415 1309 4489 Plutar·clrus&l³adibius:
1337 4412 1403 4468 llius
1422 4407 1544 4482 dicitiu,
1577 4432 1640 4470 num
1662 4419 1689 4470 dr
1713 4427 1815 4485 tangere
1833 4409 1941 4480 aliquem
1958 4411 2087 4482 pecunia,
2153 4477 2161 4498 ι

566 4489 670 4546 imo&
697 4489 732 4546 sic
756 4492 876 4559 melius,
912 4491 1043 4577 quidquid
1070 4494 1182 4576 Scirorum
1208 4489 1311 4575 &elii
1336 4487 1405 4565 apud
1439 4490 1568 4546 Comicos
1598 4490 1718 4564 reperiar.
1747 4483 1868 4565 ANNA.
1909 4483 2028 4554 Immo,
2063 4483 2088 4544 fi

567 4567 688 4622 ΑΝΝΑ.
729 4569 858 4641 Chasupae
870 4566 991 4623 dedimus
1006 4587 1039 4623 ex
1054 4568 1180 4622 omnibus
1196 4569 1312 4638 Scriptis,
1336 4567 1468 4620 nudcarum
1488 4565 1638 4642 legeretur,
1664 4579 1715 4635 ego
1737 4555 1918 4644 subiheuerern
1939 4563 2087 4624 multatum.
2110 4619 2121 4634 ,

499 4657 503 4664 ’
564 4641 637 4704 Edit.
655 4639 768 4718 Agripp.
784 4645 854 4704 Veri.
869 4647 895 4698 dr
909 4647 999 4704 Maeli.
1013 4641 1125 4719 Xsigsuae
1138 4643 1214 4699 tertia
1228 4641 1313 4700 ueeri-
1339 4642 1445 4700 Etenim
1472 4639 1612 4716 (quamuis
1631 4632 1735 4694 fortius
1753 4651 1810 4692 uon
1830 4651 1928 4711 injuria
1945 4637 2088 4716 proprium

2036 4711 2089 4778 libi
