4756 5788
569 371 648 458 ssa
833 397 846 456 ι
954 350 1178 444 carrus
1207 349 1485 446 nunsims
1514 299 1744 444 ricroa

569 553 677 640 tibus
704 547 748 634 dc
777 545 863 632 aliis
892 543 1085 633 oneribus
1117 543 1341 660 inpeditas,
1376 543 1479 630 duce
1510 543 1740 628 Hamilcare
1772 539 1880 653 apud
1907 541 2117 660 Aegates,

567 665 713 754 insulas
741 660 852 744 inter
877 658 1057 744 Siciliam
1084 657 1128 744 dc
1163 660 1371 762 Africam,
1401 651 1612 768 depressit,
1641 678 1711 740 aut
1744 653 1879 766 cepit,
1906 653 2114 786 finemque

533 779 674 865 abello
692 770 884 883 inposuit.
940 773 1086 854 Pacem
1103 771 1336 882 petentibus
1358 767 1437 852 hac
1454 765 1694 850 conditione
1713 762 1925 868 concellit,
1952 767 2112 874 Sicilia,

568 883 778 984 Sardinia,
807 882 851 966 dr
880 881 1023 965 ceteris
1053 881 1188 966 insulis
1218 881 1328 965 intra
1357 879 1517 966 Italiam
1547 875 1809 987 Africamque
1842 876 2112 985 decederent,

566 993 762 1110 Hispania
781 993 883 1078 citra
900 991 1101 1078 Hiberum
1126 989 1385 1078 abstinerent.

1989 1101 2025 1186 C
2050 1101 2113 1191 A-·

565 1257 767 1342 solveramJe
786 1292 820 1330 er
844 1268 907 1346 fuga
936 1281 1111 1345 recepetunt,
1140 1263 1242 1352 Consul
1283 1265 1321 1346 oli
1558 1300 1571 1313 .
1590 1301 1603 1312 .
1621 1299 1635 1312 .
1654 1269 1955 1346 A„„,g„„.,p,1„,
1971 1273 2112 1329 pamm
2157 1271 2165 1290 ·

565 1349 695 1430 praelium
711 1365 774 1408 marn
786 1365 842 1406 tota
856 1331 929 1404 clallt
942 1344 1099 1420 Lilybaeum
1112 1341 1189 1427 redut
1199 1285 1324 1412 ,tbiiau-
1430 1339 1551 1399 Dedecus.

565 1427 655 1498 datis,
675 1425 835 1504 donatisque
854 1421 1004 1488 militibus,
1025 1437 1123 1476 caetera
1144 1437 1248 1478 intento
1269 1419 1321 1477 stu.
1352 1417 1521 1475 SCHOTT.
1564 1423 1697 1489 Fuerunt,
1718 1421 1765 1499 qui
1795 1423 1911 1496 argaeus
1933 1423 1986 1482 scm
2021 1421 2113 1483 rscri.

566 1503 615 1562 dio
631 1503 841 1582 persequebatur.
883 1495 1132 1575 Carthaginienses,
1153 1497 1200 1555 ubi
1222 1497 1325 1574 supera·
1354 1493 1470 1550 belidum
1492 1493 1541 1552 elle
1562 1497 1767 1566 contenderent,
1794 1496 1837 1556 sel
1860 1497 1960 1556 horum
1995 1503 2114 1560 cosentia

568 1597 628 1638 tum
645 1584 826 1648 Hannonem,
837 1577 1078 1656 profligatumque
1100 1571 1204 1631 classem
1226 1573 1324 1632 intelle·
1351 1589 1408 1625 son
1425 1589 1508 1647 seque
1522 1575 1649 1630 omnibus
1665 1574 1689 1650 pl
1697 1575 1779 1640 seuit,
1801 1580 1827 1630 &
1842 1576 1911 1632 recle
1928 1594 2112 1654 repugnarunt

568 1675 648 1727 xcre,
669 1675 768 1736 praeter
792 1654 864 1734 spem
882 1671 953 1711 satira
978 1652 1052 1709 clade
1071 1649 1199 1727 percussu,
1221 1671 1277 1729 quo
1302 1651 1325 1708 st
1355 1645 1387 1720 is.
1404 1646 1496 1720 Voffuus
1509 1647 1543 1706 ad
1558 1652 1656 1705 Melam
1675 1649 1722 1706 lib.
1740 1669 1785 1706 ιι.
1801 1669 1857 1728 cap.
1869 1671 1939 1710 urs.
1956 1673 2032 1730 pm.
2044 1671 2110 1726 509·

567 1739 721 1804 verterent,
750 1731 907 1791 nesciebant.
927 1730 960 1787 dc
981 1748 1037 1807 quo
1057 1727 1095 1784 ita
1123 1726 1216 1782 Lucius
1237 1731 1324 1784 Florus
1353 1721 1434 1796 Beſsus
1453 1723 1486 1781 ad
1504 1725 1842 1802 Nepot.Hamilc.oup.1.
1863 1727 2110 1788 &CelDrakenu

566 1829 642 1868 nono
657 1812 763 1870 decimo
778 1811 824 1867 lib.
845 1810 979 1865 sus‘lutius
993 1803 1091 1878 Confiul
1102 1805 1175 1860 vidia
1189 1807 1227 1860 ud
1238 1809 1325 1879 Arga
1352 1799 1384 1856 ad
1399 1801 1493 1856 Silium
1508 1799 1555 1857 lib.
1576 1821 1601 1858 ι.
1617 1799 1685 1858 vers.
1699 1809 1747 1858 61.
1770 1803 1919 1860 ARNTZ.

566 1903 602 1946 tes
616 1889 711 1966 infidus
724 1885 795 1960 claffc
811 1890 950 1944 Poenorum
958 1884 1038 1958 farem
1053 1881 1113 1936 bellu
1122 1879 1222 1956 poſsuit:
1236 1895 1323 1958 peten—
1390 1875 1510 1953 Insuhs]
1531 1877 1641 1953 Infiulam
1656 1875 1724 1934 forte
1736 1875 1841 1934 melius.
1854 1881 2024 1938 SCHOTT.
2044 1883 2110 1941 Not.

569 1967 635 2024 tibus
649 1957 896 2041 Carthaginisnfibus
908 1976 962 2037 pax
976 1963 1048 2016 data.
1071 1958 1198 2012 MACH.
1354 1955 1424 2008 Min.
1466 1955 1559 2010 Immo
1580 1952 1656 2024 vide,
1686 1973 1754 2032 quac
1774 1955 1862 2034 attulit
1881 1955 2004 2015 laudatus
2026 1959 2111 2019 modo

606 2043 763 2116 Trecentis]
786 2060 835 2096 cc.
852 2038 968 2112 Pohbius
990 2041 1080 2113 &pro
1094 2032 1241 2109 sexcentis,
1261 2052 1325 2109 que·
1350 2027 1435 2100 Ruſsus
1448 2029 1481 2086 ad
1497 2032 1629 2107 Nepotem.
2077 2083 2082 2091 ,

564 2121 709 2195 dirigentis
724 2119 873 2192 Eutropius:
891 2112 994 2186 Orofiur
1009 2113 1135 2168 trecentis.
1176 2111 1325 2186 Suspicatus
1390 2105 1535 2184 Depreffit.]
1558 2104 1967 2190 Demetfituavescxrv.cepit.
1978 2129 2104 2172 uxxrtr.

566 2195 647 2271 igitur
660 2192 805 2272 aliquando
820 2190 878 2246 sum
895 2185 1024 2244 mendum
1040 2183 1154 2253 subtile,
1175 2186 1249 2262 quod
1263 2205 1324 2242 om·
1352 2183 1496 2258 Eutropius.
1518 2185 1643 2242 ΑΝΝΑ.

565 2287 612 2326 nes
627 2288 706 2346 paene
722 2265 824 2324 clallcm
838 2271 865 2322 dc
882 2263 1001 2320 hostium
1018 2269 1045 2320 δι
1061 2263 1252 2319 Romanorum
1268 2280 1325 2319 tan·
1388 2263 1446 2316 Aut
1459 2257 1552 2337 cepit]
1574 2258 1650 2316 Adde
1664 2280 1698 2340 cr
1715 2264 1795 2319 MSS.
1824 2262 1907 2322 Aliud
1929 2265 2001 2322 enim
2024 2269 2109 2346 depui-

564 2359 626 2402 tum
649 2362 782 2402 ncrrxr.
802 2342 913 2399 navium
931 2337 1007 2398 suillc
1028 2339 1182 2406 affirment,
1209 2338 1325 2425 indeque
1347 2355 1431 2402 mere,
1460 2334 1500 2391 rel
1521 2334 1675 2413 demergere
1697 2342 1787 2396 naveis
1809 2357 1872 2396 cum
1897 2343 2105 2418 pugnatoribus,

566 2439 685 2480 errorem
701 2439 794 2479 natum
809 2417 966 2486 credebam,
982 2415 1072 2496 quod,
1094 2433 1157 2472 cum
1172 2415 1323 2473 notisoltm
1347 2409 1420 2469 ahud
1441 2425 1536 2488 capere.
1571 2415 1673 2470 Tacitus
1695 2413 1764 2471 libro
1786 2433 1884 2494 quarto
1906 2417 2010 2476 Histot.
2034 2422 2106 2498 Aug.

566 2499 673 2556 numeri
687 2499 918 2576 exprimerentur,
938 2513 1031 2554 earum
1053 2488 1259 2568 transpositione
1281 2496 1322 2548 in·
1351 2487 1440 2561 Maior
1459 2503 1521 2566 pars
1541 2493 1649 2546 nauium
1670 2489 1799 2567 depreffu,
1825 2509 1872 2551 out
1893 2515 1922 2550 cu
1938 2510 1976 2552 ta.
2016 2497 2056 2552 Sic
2080 2503 2108 2554 ει

565 2572 655 2634 finitas
668 2576 779 2634 mendas
794 2575 821 2631 in
837 2574 920 2632 libros
936 2573 1062 2659 antiquos
1076 2565 1202 2656 irrepstlie
1216 2566 1322 2626 didicis-
1349 2565 1450 2642 Onustus
1465 2565 1585 2653 loquitur
1599 2566 1672 2626 libro
1691 2571 1900 2648 quarto,capitc
1913 2511 2018 2630 decimo
2028 2574 2107 2651 quin·

563 2649 629 2710 scm.
672 2655 750 2712 Forte
777 2649 903 2730 scriptum
927 2665 1023 2728 repent
1043 2646 1166 2704 libramus
1196 2665 1249 2706 cn.
1276 2666 1323 2704 ex·
1348 2658 1394 2710 to,
1416 2649 1443 2699 δι
1465 2660 1548 2720 capite
1563 2663 1673 2702 rvrrr.
1695 2645 1765 2703 Vide
1786 2649 1861 2704 Petri
1877 2649 1985 2706 murrii
2006 2649 2103 2709 sanat.

563 2727 663 2820 scripsit
684 2731 751 2789 alius
774 2749 857 2818 patra
883 2727 1072 2812 immutatione
1096 2743 1148 2782 oc.
1181 2741 1229 2780 nec
1249 2724 1322 2782 enim
1347 2716 1409 2776 lect.
1424 2717 1508 2776 libros
1523 2719 1880 2812 utilissimos38CHQTT.

563 2799 1232 2964 {sslsllss’lllllllltl'stilletis
1247 2818 1324 2936 “sta
1386 2795 1524 2932 silis...
1537 2797 2108 2958 ⁰⁰⁵⁶..l'lllli‘ll‘allildlla..

564 2979 644 3018 muro
659 2959 831 3028 sensuimus,
853 2955 912 3044 post
932 2957 1005 3014 enim
1020 2953 1101 3012 incidi
1115 2955 1143 3010 in
1165 2953 1263 3010 librum
1279 2973 1322 3012 ca·
1348 2948 1401 3006 ulla
1416 2951 1570 3009 necessitate.

564 3037 638 3094 lamo
659 3053 823 3102 exaratum,
851 3053 880 3089 m
902 3051 959 3110 quo
980 3030 1057 3118 supra
1085 3028 1246 3105 adscriptum
1267 3047 1323 3086 erat
1386 3029 1461 3083 lutra
1476 3027 1786 3120 ltadamflsrieamqusl
1815 3033 1915 3088 Pinius
1936 3032 1986 3091 lib.
2003 3053 2066 3092 ιιι.
2082 3051 2106 3092 c.

562 3129 664 3246 slis.
677 3105 1323 3263 ”ltalia“estlls‘llslllnl:
1349 3103 2109 3274 lli.‚slisstilles.:21⁷l:‚·.⁶;5.'5'l.lzl;

561 3264 772 3399 illitati
792 3257 1130 3413 hit-,strictis
1143 3259 1321 3394 slsis:
1347 3257 2105 3414 :lzl'lltl‘l‘le’llltl..satellitis

561 3421 655 3502 Quare
669 3417 729 3476 licet
743 3414 837 3473 ueritas
852 3410 977 3471 historiae
991 3416 1115 3498 Hannone
1129 3427 1159 3468 ut
1174 3409 1320 3470 scribamus
1346 3425 1436 3466 autem
1451 3409 1489 3469 est
1505 3431 1559 3470 non
1579 3351 1665 3470 iilum
1679 3412 1775 3490 infidus
1832 3412 1861 3470 ni
1875 3431 1924 3492 pro
1940 3413 2005 3472 locis
2025 3414 2107 3472 undi-

557 3508 668 3576 cxtgat,
688 3511 743 3550 non
758 3508 847 3549 tamen
863 3489 942 3548 aulus
957 3488 1016 3546 sum
1031 3507 1125 3546 omma
1139 3505 1231 3546 contra
1242 3491 1319 3548 MSS.
1347 3505 1398 3565 quc
1413 3487 1447 3544 ab
1460 3489 1538 3567 aquis
1554 3489 1738 3560 circumlinis,
1759 3487 1784 3547 sc
1823 3491 1904 3548 etiam
1927 3507 1976 3568 pro
1996 3491 2107 3550 aedibus

557 3570 688 3640 rejicere,
723 3588 792 3648 quae
828 3565 955 3625 historiae
990 3563 1121 3627 aduersati
1151 3564 1318 3624 videbantur.
1346 3564 1507 3622 vicinitatem
1537 3565 1651 3623 aliarum
1680 3585 1851 3645 nequaquam
1880 3566 2055 3640 habentibus,
2075 3584 2107 3626 ut

558 3646 643 3706 Multi
665 3648 738 3704 enim
768 3649 917 3702 Hannonem
946 3642 992 3700 hic
1021 3643 1116 3701 ducem
1144 3639 1254 3700 faciunt.
1282 3645 1319 3703 V.
1344 3641 1477 3700 Suetonius
1490 3644 1601 3700 dominos
1614 3644 1651 3700 ait
1665 3643 1816 3719 infidorum.
1838 3647 1964 3702 MACH.

556 3725 708 3782 landinum
722 3723 755 3782 ad
771 3723 892 3799 Nepotem
908 3719 1027 3778 Hamilc.
1044 3738 1139 3796 capr.
1182 3717 1230 3777 Sed
1245 3739 1319 3796 ptac·
1385 3717 1542 3798 Hisponia.]
1570 3721 1665 3776 Immo
1694 3717 1774 3796 hujus
1795 3717 1909 3778 foederis
1931 3737 2008 3800 caput
2028 3737 2103 3792 erat,

557 3801 609 3861 stat
624 3804 770 3859 Hamilcare
785 3799 896 3858 scribere
912 3817 974 3856 cum
989 3795 1096 3855 duobus
1114 3799 1195 3854 lllSS.
1217 3815 1251 3853 ca
1274 3795 1318 3852 Li·
1345 3791 1419 3871 quod
1433 3795 1528 3852 iisdem
1545 3815 1626 3874 paene
1646 3795 1732 3854 verbis
1758 3798 1859 3874 Orofius
1884 3797 1931 3855 lrb.
1950 3817 1998 3856 ru.
2022 3797 2105 3874 capite

558 3883 604 3938 uio
624 3879 760 3938 libari.
784 3897 841 3955 cap.
860 3897 888 3934 rr.
916 3880 1028 3952 Aegates
1050 3873 1146 3951 infidas
1165 3874 1319 3948 Erycemque
1344 3870 2106 3952 undecimoconcepit,additumque,utproimpenfisbel·

556 3973 618 4016 ante
632 3959 710 4014 oculor
722 3957 851 4032 proponite
861 3995 869 4022 ,
878 3973 922 4010 nec
933 3967 997 4029 puer
1011 3953 1050 4008 laic
1066 3953 1130 4006 Dux
1145 3965 1202 4006 murt
1208 3949 1261 4024 ssd
1267 3967 1318 4026 pa·
1343 3949 1398 4005 licis
1411 3953 1513 4026 argenti
1525 3965 1589 4027 pure
1601 3952 1655 4008 triu
1676 3951 1759 4007 millia
1780 3952 1932 4009 iubatorum
1940 3953 2104 4010 Euboicarum

556 4049 597 4092 ter
611 4033 662 4111 ipse
676 4036 818 4090 Hamilcar.
860 4033 920 4088 Hac
934 4028 1037 4085 ratione
1058 4023 1184 4084 dissensus
1203 4027 1318 4104 Scripro·
1343 4029 1429 4100 aequis
1441 4026 1595 4102 pensionibus
1606 4040 1656 4114 per
1675 4046 1755 4083 annos
1776 4046 1826 4084 xx.
1838 4031 1988 4106 penderent.
2006 4028 2105 4085 Eadem

557 4129 619 4167 rum
634 4112 682 4168 erit
697 4105 888 4167 admittendus.
910 4105 1059 4163 ARNTZ.
1345 4103 1463 4179 Paphius
1470 4103 1539 4161 libro
1554 4119 1631 4162 tertio
1641 4143 1649 4171 ,
1659 4104 1819 4180 quittamen
1827 4104 1856 4161 in
1870 4104 2049 4164 caleartismire
2057 4121 2101 4162 ra·

598 4185 785 4270 Garamantum]
810 4186 954 4240 Annonam
969 4176 1317 4238 astressstmulibersssem
1342 4180 1407 4249 rias,
1428 4185 1456 4236 δι
1477 4179 1570 4237 Liuius
1583 4177 1653 4236 libro
1666 4177 1904 4258 vigesimoprimo.
1927 4183 2002 4242 Nam
2017 4199 2104 4238 rxrr.

559 4257 707 4336 fignificare
721 4279 812 4319 notius
836 4257 875 4318 est
896 4277 980 4338 quam
1002 4274 1031 4316 ut
1052 4255 1228 4316 decimatione
1248 4255 1317 4315 indi·
1346 4255 1430 4313 millia
1443 4262 1470 4313 δι
1485 4255 1596 4314 ducenta
1603 4255 1698 4314 talenta
1714 4256 1834 4314 Euboica
1848 4255 1971 4336 stipendii
1984 4257 2045 4314 loco
2052 4257 2105 4312 im·

559 4352 629 4413 grat.
653 4339 781 4396 MACH.
1347 4331 1494 4410 posttaait,
1518 4331 1657 4404 &subiicit
1678 4333 1770 4392 decem
1783 4331 2037 4407 legatoscempussti
2073 4350 2104 4387 n-

453 4474 458 4486 ,
600 4415 755 4492 Augurius]
775 4415 817 4472 Sic
839 4411 941 4492 vulgati
963 4412 1088 4491 pingunt.
1107 4414 1237 4488 Gryphiur
1249 4411 1319 4486 liga-
1346 4411 1383 4468 dii
1399 4406 1525 4478 mutasse,
1541 4429 1569 4466 ac
1584 4410 1657 4468 mille
1670 4409 1767 4468 talenta
1787 4395 1913 4481 adjecisse.
1929 4407 2031 4490 SCHO
2061 4407 2101 4463 T.

558 4503 605 4546 tes.
628 4492 706 4544 MSS.
723 4491 818 4566 partim
833 4494 969 4566 Aegudes,
1007 4491 1087 4547 attim
1102 4491 1214 4565 Egadas.
1243 4489 1320 4564 Poly-
1389 4487 1522 4544 Hiberum.
1564 4487 1674 4546 Fluvius
1689 4485 1847 4563 Hispaniae,
1871 4499 1957 4558 aquo
1970 4477 2109 4539 details·-

560 4567 600 4651 bio
623 4557 750 4632 Αἴγινα.
771 4565 934 4643 appellantur
956 4511 1055 4624 initiae
1072 4567 1139 4622 inter
1153 4549 1320 4642 *lilybaeum
1348 4565 1428 4622 beria.
1471 4566 1505 4622 Et
1542 4585 1635 4622 uranus
1648 4563 1752 4636 inquit:
2108 4577 2112 4582 ’

559 4640 663 4700 Siciliae
696 4643 914 4718 promontorium
947 4647 975 4700 dc
1008 4641 1105 4701 Cartha
1127 4643 1209 4698 inem.
1252 4639 1321 4700 Vide
1581 4672 1594 4684 ·
1614 4673 1625 4682 -
1644 4670 1657 4682 -
1676 4631 2068 4712 Prufiegiqueugenteuetuste

561 4723 650 4797 Ponsp.
667 4719 764 4776 Melam
780 4717 827 4776 lib.
846 4738 890 4778 ιι.
905 4723 933 4778 ἃ
954 4721 1046 4778 Silium
1060 4659 1176 4780 studitum
1198 4733 1319 4778 extremo
1428 4718 1560 4774 Gallorum
1575 4717 1660 4770 Celtae
1673 4730 1759 4766 numen
1773 4709 1898 4788 miscentis
1913 4710 2025 4768 Hiberis.

560 4795 645 4857 serto.
665 4800 692 4854 δι
708 4793 756 4854 lib.
775 4813 800 4854 ι.
1351 4793 1536 4854 MACHAN.
1578 4785 1788 4851 Mediolantnlis
1811 4787 2110 4926 scribebarsglppgqup.
