4756 5788
566 323 645 422 nn
671 314 821 416 utitis
847 314 1231 410 nuntiamus.
1290 313 1390 407 cii.
1417 257 1559 416 mv:
1739 333 1822 435 195

273 523 454 630 secrevit.
508 519 664 609 Primus
688 513 829 603 docuit
846 507 1053 624 quomodo
1072 509 1221 598 milites
1241 507 1455 614 cederent,
1471 537 1549 596 nec
1568 531 1684 626 terga
1702 525 1854 624 prae-3

272 640 434 733 iterent.
488 629 789 736 Hannibalem]
808 621 918 736 apud
936 625 1113 730 Nolam,
1134 625 1321 710 locorum
1338 619 1519 736 angustia
1544 623 1857 744 adjutus‚vin34

1407 785 1409 790 ·
1784 762 1822 822 ci

282 957 332 1000 tu.
351 933 545 1015 tetrasyllabum
565 931 636 991 lacit.
760 1003 767 1018 ι
936 1004 942 1015 ¹
1046 920 1113 1020 plin.
1130 939 1218 1007 ιω.
1239 921 1271 980 dc
1287 922 1441 982 Verborum
1463 921 1768 1001 Significatione&noe
1790 923 1819 982 in
1894 963 1904 986 .

354 1015 501 1072 Virduinari
510 1031 591 1086 genui
604 1010 645 1066 laic
659 1004 870 1080 Plenapat'lalat
884 1003 916 1060 ab
930 999 1000 1078 ipsc,
1029 997 1191 1070 =,Cotnclio
1213 997 1294 1056 Collo
1318 999 1459 1078 quaedam.
1480 999 1653 1060 SCHOTT.
1691 998 1821 1071 Jitrannis

396 1087 602 1148 Nobiliteret‘lis
611 1083 722 1162 suadem
755 1103 796 1138 ea
810 1085 882 1139 retis.
1062 1071 1198 1148 Grejunius
1218 1074 1252 1131 ab
1274 1077 1385 1152 antiqua
1406 1076 1533 1151 scriptura
1555 1095 1638 1132 manu
1664 1074 1762 1132 dusius
1786 1073 1821 1132 fic

274 1169 427 1226 Plutarchus
441 1165 494 1222 hoc
517 1181 616 1228 nometi
638 1161 646 1217 i
668 1179 717 1216 nor
753 1179 768 1216 c
789 1156 909 1224 videtur,
930 1153 958 1208 in
974 1153 1033 1208 Ro·
1060 1147 1192 1206 tentabat:
1212 1150 1299 1226 Spolia
1313 1156 1394 1228 opima
1408 1154 1491 1228 qui,
1512 1155 1565 1214 dre.
1607 1155 1710 1208 Primus
1724 1155 1820 1222 duruit,
1846 1163 1863 1196 0

275 1245 352 1302 mulo
367 1245 441 1300 enim
455 1247 481 1298 δι
498 1237 627 1298 Marcello
641 1177 824 1294 dritumartum
838 1233 1033 1290 &Beleriarum
1062 1225 1115 1287 dyc.
1132 1227 1291 1302 praeberent.
1332 1229 1418 1304 Spolia
1439 1232 1515 1286 etiam
1530 1229 1591 1303 legit
1615 1233 1686 1306 apud
1703 1231 1818 1296 Nolam,

274 1321 410 1376 nominat.
434 1315 556 1395 Jasepliui
575 1316 689 1388 Scalger
716 1313 745 1370 in
765 1307 928 1388 quibusdam
958 1304 1032 1361 libris
1063 1303 1105 1358 uli
1119 1304 1288 1385 Hannibalem
1297 1307 1396 1383 primus
1404 1307 1509 1364 lucarum
1519 1305 1646 1380 augustia.
1668 1307 1727 1386 Ego
1736 1309 1817 1366 MSS.

195 1453 199 1458 ,
275 1398 430 1452 Virdumaui
454 1393 547 1472 reperit
567 1391 638 1470 apud
660 1391 833 1466 Propertium.
860 1381 1033 1468 SGHOTT.
1046 1381 1049 1388 '
1064 1378 1185 1458 tcligiosc
1202 1379 1305 1454 sequor.
1327 1383 1440 1466 IDEM·
1482 1383 1636 1448 N01·M¹'¹t·

278 1474 319 1530 lta
332 1491 366 1529 cx
382 1469 482 1528 Codice
502 1470 629 1526 Grammii'
643 1470 672 1523 et
687 1463 816 1523 omnibns
838 1461 916 1524 Edit.
934 1457 1034 1536 quibus
1104 1473 1117 1529 3
1140 1457 1288 1536 Crimine]
1314 1457 1484 1536 Ambiguum
1495 1501 1502 1524 ‚
1512 1477 1544 1514 an
1555 1499 1563 1527 ,
1573 1457 1648 1535 quod
1664 1457 1732 1515 milii
1747 1457 1821 1518 ride-

279 1567 343 1606 cum
364 1545 492 1605 consentit
514 1547 603 1604 Florus
624 1542 672 1599 lib.
691 1561 735 1599 ii.
757 1559 815 1620 cap.
833 1558 883 1596 iu.
907 1542 934 1606 §·
952 1549 978 1604 5·
1006 1538 1033 1589 ἅ
1063 1547 1124 1614 tut,
1144 1530 1315 1618 diphthongo
1334 1533 1380 1618 ¹liic
1395 1533 1580 1603 scribendum,
1601 1534 1653 1592 1¹0⁰
1665 1534 1721 1604 est,
1742 1539 1820 1592 ³³¹¹·

276 1625 384 1682 vaius
397 1622 430 1682 ad
453 1627 527 1698 Virg.
547 1622 595 1679 lib.
613 1636 692 1677 uiti.
709 1620 777 1675 Acti.
801 1613 868 1674 reis.
886 1619 951 1682 856.
991 1611 1033 1666 Ex
1048 1673 1051 1682 ‚
1065 1606 1180 1664 nibalem
1194 1627 1264 1666 uinci
1279 1611 1366 1685 polle,
1386 1627 1416 1668 ur
1430 1610 1463 1669 de
1484 1611 1603 1668 Poenicis
1625 1611 1755 1669 militibus
1777 1613 1820 1670 iri-

278 1699 451 1758 similitudine
471 1697 544 1756 uocls
564 1713 648 1756 natus,
663 1710 739 1748 error
759 1691 788 1747 iii
810 1693 889 1748 Fran.
910 1695 938 1746 δι
959 1681 1204 1761 leid'telligatur.
1246 1687 1294 1744 Sed
1317 1687 1360 1743 Ne
1380 1689 1497 1762 quamodo
1516 1690 1608 1745 milites
1628 1691 1741 1746 cederent
1759 1705 1817 1746 non
1913 1741 1926 1766 ,

277 1776 327 1834 sec.
355 1773 494 1832 Marcellus
512 1776 564 1827 Vir
585 1773 711 1827 Romanus
731 1767 801 1824 Gall.
826 1770 920 1824 Haun.
946 1765 1035 1820 Marc.
1048 1731 1053 1842 l
1066 1779 1147 1830 tiemo
1167 1761 1308 1838 legendum
1327 1763 1430 1840 putabit
1450 1783 1484 1821 ex
1507 1767 1641 1824 Plutarcho
1668 1765 1696 1820 in
1717 1765 1772 1822 vica
1792 1770 1821 1821 de

279 1855 328 1908 Vir
342 1854 466 1908 Romanus
487 1851 614 1904 Brennum
628 1845 699 1902 Gall.
727 1843 855 1902 Audierat
874 1840 934 1908 ille,
956 1843 1050 1908 bien-¹
1064 1839 1263 1914 comparatione
1278 1839 1399 1897 Marcelli
1413 1859 1475 1897 cum
1493 1837 1626 1917 Pelopida.
1647 1841 1820 1899 SCHOTT.

280 1941 349 1982 num
364 1926 430 1984 olim
446 1929 565 1984 Romam
581 1921 703 1981 incendio
717 1917 853 1986 delevisse,
881 1915 924 1974 led
940 1918 1050 1972 omnes'
1065 1913 1131 1969 Nat.
1147 1915 1220 1970 Min.
1262 1917 1314 1972 Pio
1331 1919 1461 1984 cederent,
1480 1917 1593 1974 Sclettus
1613 1916 1754 1995 legendum
1771 1935 1822 1994 pu·

281 2001 425 2060 Gallorum
444 2003 523 2060 duces
537 1999 596 2057 ideo
611 1999 708 2058 Brenni
719 1994 866 2074 appellandi
880 2011 935 2049 nori
950 2006 1035 2048 cram.
1065 2005 1119 2060 tac,
1140 1993 1291 2050 incederent.
1311 1991 1353 2050 rel
1366 1995 1457 2050 milites
1471 1991 1523 2050 e'ut
1532 1998 1671 2051 caederent.
1712 1993 1821 2056 Batiam

282 2081 477 2136 Viridumarum
503 2075 658 2154 exprimunt
686 2072 730 2129 alii
760 2069 831 2149 apud
855 2066 962 2144 Caesar.
986 2065 1034 2122 lib.
1065 2063 1221 2151 scripturam
1238 2067 1256 2126 fi
1272 2070 1450 2138 retineamus,
1472 2015 1558 2127 situs
1573 2069 1636 2129 erit:
1656 2070 1747 2129 docuit
1768 2070 1822 2130 mi·

284 2175 354 2215 vit.
370 2154 434 2212 Bell.
449 2151 520 2210 Gall.
536 2170 593 2229 cap.
611 2166 751 2207 xxxviii.
762 2153 795 2204 dc
812 2165 863 2204 iv.
904 2143 961 2200 Ali'i
975 2145 1036 2204 Vir·
1063 2142 1140 2210 tices,
1161 2143 1303 2220 quomodo
1316 2144 1452 2214 cederent,
1473 2143 1517 2203 scd
1536 2147 1693 2217 linteamen,
1713 2164 1743 2204 ut
1757 2165 1822 2205 non

280 2237 424 2289 duriatum.
447 2226 549 2288 Confer
564 2231 598 2285 Pi
615 2229 684 2283 laium
699 2241 769 2282 torti.
781 2243 826 2280 ti.
843 2224 918 2277 Arm.
934 2235 1036 2298 p.130.
1066 2219 1218 2304 praeberent
1231 2239 1314 2300 terga.
1334 2225 1436 2281 sYLn.
1479 2225 1617 2282 Annotant
1634 2225 1683 2282 uiti
1705 2221 1824 2282 doetiffi·

280 2309 397 2366 Vinctum
411 2304 444 2362 ad
466 2307 571 2380 Eutrup.
593 2248 641 2361 lb.
659 2319 713 2358 iii.
729 2319 758 2356 ca
781 2318 855 2358 .ui.
875 2303 904 2354 δι
924 2295 958 2354 ad
979 2295 1039 2354 Flu·
1067 2313 1123 2351 mi:
1144 2293 1212 2354 sorte
1233 2297 1393 2376 legendum,
1414 2301 1572 2366 incederenti
1593 2299 1650 2370 rel,
1669 2303 1761 2360 milites
1773 2299 1826 2374 ejice

199 2377 204 2386 ’
279 2381 617 2441 rumloc.ltud.Fabric.
639 2319 810 2450 adorassem
839 2373 887 2432 lib.
906 2393 956 2430 iv.
978 2389 1037 2450 cap.
1068 2375 1208 2430 caederent.
1228 2392 1284 2431 non
1306 2373 1344 2432 cst
1365 2373 1496 2452 profesio.
1524 2375 1596 2435 allud
1618 2379 1691 2434 enim
1714 2373 1825 2436 adversi»

282 2479 359 2517 xiii.
379 2464 407 2515 δι
427 2457 505 2514 alios.
524 2458 695 2512 Briamnrtum
716 2451 762 2510 scu
783 2453 942 2510 ariana-an
964 2446 1039 2526 quod
1068 2447 1144 2504 vultu
1165 2448 1251 2528 gradu
1273 2449 1344 2508 lento
1372 2451 1511 2508 turmatim
1545 2453 1722 2522 retrocedere,
1750 2451 1825 2512 aliud
1892 2481 1903 2502 ·

281 2555 344 2670 ‘ll
357 2531 680 2668 insilistis
691 2521 1039 2662 lanitiinllilii
1069 2525 1379 2662 lililllln‘l'lll
1394 2525 1824 2664 llllltslllll‘llltl:

282 2706 346 2746 cuin
362 2687 493 2753 nomina,
512 2627 657 2741 deiramarr
670 2682 743 2738 enim
759 2681 825 2739 duce
840 2678 911 2736 Galli
931 2675 965 2734 ab
988 2680 1040 2734 Ae·
1070 2675 1120 2736 sim
1142 2685 1168 2736 &
1190 2623 1335 2738 reslitlientes
1356 2624 1489 2746 isseruiiti
1509 2624 1585 2738 indie
1605 2646 1711 2750 leodis,
1732 2681 1825 2770 quiin

284 2763 362 2821 milio
375 2761 484 2820 suerunt
498 2759 574 2816 victi.
594 2759 683 2816 Flerui
698 2755 745 2813 lib.
765 2776 810 2814 11.
825 2773 883 2834 cap.
902 2773 951 2812 iu.
971 2761 996 2825 §.
1013 2771 1040 2826 3.
1069 2771 1165 2833 campo
1180 2755 1372 2836 deprehensus,
1392 2777 1488 2815 canum
1510 2757 1718 2835 venantiumqne
1738 2777 1825 2834 impe·

287 2845 314 2897 &
330 2837 364 2896 fic
378 2839 534 2894 Briematum
549 2833 592 2892 hic
606 2834 668 2911 legii
682 2831 758 2890 Leid.
775 2851 814 2910 pr.
831 2837 859 2888 dt
873 2831 966 2890 Btend.
992 2829 1040 2886 Sed
1070 2847 1130 2888 tum
1145 2830 1216 2891 lund
1229 2835 1339 2905 tolerat,
1359 2835 1433 2910 cujus
1449 2835 1550 2892 mentio
1564 2833 1634 2914 apud
1649 2835 1762 2891 Plinium
1775 2833 1824 2892 lib.

286 2913 357 2972 nibil
370 2913 493 2972 incertius
507 2909 544 2969 cll
558 2912 587 2968 iii
601 2909 712 2968 historia
727 2911 868 2976 Romana,
890 2925 972 2986 quim
992 2925 1042 2964 no·
1073 2927 1161 2966 uiti.
1184 2912 1250 2969 Nat.
1267 2909 1340 2969 Hist.
1355 2930 1412 2989 cap.
1429 2931 1501 2970 evi.
1521 2913 1567 2990 qui
1590 2929 1662 2989 terga
1682 2910 1824 2988 praebent,

287 2991 362 3049 mina
375 2989 484 3068 propria
504 2991 721 3056 Germanorum,
742 3005 805 3043 cuin
826 2986 984 3044 Germanica
1005 2983 1042 3042 la·
1071 2983 1163 3062 passim
1178 2986 1207 3064 in
1221 2989 1314 3066 lugam
1331 2983 1524 3058 effunduntur,
1546 2995 1573 3045 δι
1593 3007 1688 3044 omnes
1712 2988 1824 3066 quidem

287 3067 346 3126 tino
372 3085 419 3124 ore
438 3064 536 3124 dutum
558 3063 624 3143 quid
647 3061 793 3132 sonarent,
821 3059 970 3139 praesertim
991 3059 1042 3118 illis
1070 3061 1199 3121 acerrimo
1214 3063 1309 3132 cuisu;
1324 3065 1446 3123 nonnulli
1460 3067 1540 3124 eiiam
1556 3065 1663 3134 abieilis
1678 3064 1827 3122 aimitauti

288 3141 473 3221 temporibus,
500 3161 562 3200 cuin
578 3140 659 3198 vereti
673 3139 718 3198 sua
740 3139 831 3218 lingua
851 3137 1041 3218 loquebantur,
1071 3137 1191 3216 pluribus
1205 3137 1308 3200 ostendi
1323 3141 1351 3200 iti
1362 3141 1570 3201 dislcrtacioiium
1587 3143 1757 3198 Liuianariim
1772 3139 1826 3198 sat-

285 3237 391 3354 eexstqup
405 3217 547 3353 {lentanda
560 3215 627 3306 ‘stine
641 3218 734 3355 oportit
745 3215 792 3350 ish
800 3213 1043 3351 ‹pincabnklmlnipd
1071 3217 1171 3347 rpgine.
1195 3217 1293 3306 Allusit
1320 3219 1407 3296 pulcre
1422 3220 1534 3353 implgiiii
1553 3217 1600 3276 illi·
1612 3219 1712 3309 Seneca.
1724 3217 1771 3274 lib‘.
1791 3217 1827 3350 ple

540 3314 555 3350 ri
676 3313 722 3350 iris
769 3311 798 3350 iu
866 3335 873 3350 .
1037 3333 1043 3348 .
1101 3311 1147 3350 ran
1172 3336 1178 3349 .
1210 3313 1226 3350 n
1268 3314 1277 3350 i
1342 3338 1349 3352 .
1425 3339 1432 3354 .
1637 3313 1737 3350 averm
1773 3313 1825 3350 ai·

286 3313 300 3353 r
324 3313 484 3450 Gitlldluibts]
492 3313 670 3430 nldsillillsim.
692 3371 818 3428 ΑΝΝΑ.
829 3311 862 3352 us
1071 3313 1170 3442 quaerella
1181 3313 1339 3438 cmx?
1349 3315 1398 3446 [scs
1406 3315 1705 3449 lsenfiiicrilitonglarlu,
1726 3335 1758 3432 ὀ
1764 3369 1824 3448 sitl-

325 3449 430 3509 Praelio
438 3447 540 3526 findit]
561 3451 616 3504 ilii.
631 3453 671 3505 U.
688 3448 724 3503 C.
743 3462 805 3522 531.
827 3444 950 3507 ANNn.
1072 3448 1114 3504 nis
1119 3446 1220 3522 signis,
1233 3445 1315 3525 filus
1329 3449 1439 3506 militari
1452 3451 1587 3526 dignitate.
1628 3449 1770 3504 Srnlli'ures
1784 3463 1827 3505 tu-

284 3526 289 3536 '
327 3545 345 3582 2
364 3527 453 3602 Spolia
466 3525 527 3602 legit
542 3527 613 3601 apud
622 3523 727 3580 Nolam.
737 3521 905 3580 llannilaalem
917 3521 1045 3600 primun]
1072 3522 1267 3601 tioresquefiint
1280 3523 1385 3602 bessibus
1391 3525 1467 3602 fiiis,
1488 3530 1531 3600 qui
1544 3529 1571 3580 iri
1586 3525 1665 3600 fidem
1678 3546 1731 3580 cum
1745 3527 1825 3580 arnis

289 3601 422 3660 Praeclare
437 3602 526 3659 lotum
548 3599 619 3660 huuc
635 3598 763 3656 mutilum
783 3595 885 3656 restitui
904 3615 939 3657 cx
960 3617 1047 3657 metn-
1072 3603 1190 3658 ueniunt.
1231 3605 1283 3658 Hac
1302 3617 1363 3678 puta
1376 3603 1472 3658 uirtuti
1488 3599 1827 3677 fiicienrlum,fludiafaque

290 3675 395 3734 biantis
415 3677 569 3746 codicibus,
597 3675 647 3736 nisi
669 3675 837 3735 uehementer
857 3673 946 3733 fallor.
985 3678 1048 3734 Nec
1072 3679 1196 3734 uirtutis:
1208 3677 1237 3754 fi
1247 3680 1407 3754 praevalebit
1416 3676 1543 3756 fiirtunri,
1565 3679 1596 3737 n·
1607 3677 1825 3750 praecidaturgen-

291 3751 364 3806 enirn
380 3751 583 3810 consentaneum
596 3771 660 3812 iero
669 3795 677 3822 ‚
686 3771 749 3810 cuin
766 3759 793 3810 δι
808 3752 965 3810 Romuli&
980 3749 1047 3811 Cos-
1072 3756 1101 3809 di
1110 3753 1259 3831 facultatem
1269 3795 1276 3823 ,
1285 3753 1433 3830 ntnstatirn
1447 3751 1553 3828 aitmfitt
1567 3755 1715 3823 inermisque
1722 3749 1824 3826 fiigiat,

293 3823 427 3900 liopiina
447 3825 527 3904 spolia
549 3846 605 3886 tam
624 3828 763 3908 diligenter
785 3825 896 3896 reserat,
917 3829 994 3886 tertia
1013 3827 1060 3905 ab}
1073 3831 1185 3887 latebras
1205 3851 1349 3907 quaereus,
1379 3834 1431 3893 dtr.
1459 3829 1582 3888 GRUT.
1623 3829 1769 3894 Cererem,
1797 3825 1827 3884 id

292 3897 341 3956 illo
363 3897 451 3956 studio
471 3901 520 3959 elle
542 3906 697 3980 praeterita,
723 3923 772 3962 nec
792 3904 865 3961 enim
880 3904 955 3982 plura
973 3903 1047 3963 suill'e
1072 3903 1128 3976 est,
1148 3905 1348 3966 retrocederent.
1369 3909 1493 3966 ANNA.
1534 3907 1567 3961 Et
1582 3900 1734 3980 oppnfirum
1749 3901 1826 3960 illud:

293 3974 430 4060 leguntur.
447 3979 576 4035 SCHOT
579 3984 617 4038 T.
657 3980 762 4040 Abstine
775 3997 864 4038 tamen
879 3979 1047 4038 abomnibus
1074 4005 1118 4042 uec
1131 3999 1204 4060 terga
1215 3985 1364 4062 praeberent
1385 3985 1444 4042 latis
1467 4001 1560 4042 vetum
1581 3977 1685 4040 sciisuui
1707 3979 1827 4052 indicat,

294 4055 323 4108 δι
338 4054 445 4140 Scriptis
460 4057 487 4108 δι
501 4052 602 4123 Edicit,
623 4075 703 4135 quare
717 4057 792 4115 uncis
804 4053 969 4114 inclufimns.
1074 4079 1155 4138 quern
1170 4063 1240 4120 reric
1254 4060 1376 4138 exposuit
1390 4063 1526 4118 Gruterus.

333 4125 398 4214 Juuc
422 4129 566 4205 Feretria]
600 4133 722 4216 lGrgilius
744 4150 834 4192 ranicu
859 4152 908 4190 ti.
933 4133 1046 4192 Aeneid.
1113 4141 1233 4214 4Apud
1242 4137 1358 4214 Nolam]
1380 4139 1454 4214 Lego
1470 4135 1638 4192 Hannibalem
1652 4135 1723 4210 apud
1733 4133 1828 4190 Nolam

295 4206 418 4294 leno
433 4201 554 4282 suspensa
568 4223 647 4262 canit.
1070 4217 1168 4288 primur
1190 4219 1242 4270 διε.
1276 4233 1309 4270 ex
1332 4215 1433 4271 Valerio
1454 4217 1534 4270 illex.
1559 4212 1607 4269 lib.
1633 4229 1658 4267 1.
1678 4229 1736 4287 cap.
1760 4230 1830 4268 tt11.

374 4278 468 4356 Aspice
482 4296 510 4336 ut
525 4279 631 4355 infignis
637 4281 727 4359 spoliis
742 4287 880 4343 Marcellus
893 4288 980 4363 opimis
1075 4289 1246 4344 SCHOTT.
1286 4293 1368 4363 Supra
1384 4289 1412 4344 in
1433 4287 1594 4346 Hannibale.
1615 4288 1684 4343 Nola
1696 4288 1725 4343 iii
1742 4289 1835 4346 Picen-

374 4358 541 4432 Ingreditur,
552 4357 685 4432 uillaeque
698 4363 768 4417 uirai
776 4359 810 4434 fit
827 4366 946 4420 ereminet
959 4381 1048 4419 muner:
1076 4363 1137 4419 cinis
1156 4381 1211 4418 noti
1224 4361 1304 4439 longe
1317 4383 1332 4420 a
1346 4365 1472 4440 Neapoli.
1494 4365 1617 4424 ΑΝΝΑ.

375 4436 425 4490 llic
437 4455 490 4492 rem
506 4435 643 4492 Romanam
655 4454 746 4511 magna
760 4377 878 4494 turbante
895 4441 1003 4494 tumultu
1117 4439 1235 4494 Lucerum
1256 4437 1403 4516 augustin]
1431 4443 1505 4498 Niin
1524 4441 1601 4498 tertia
1622 4457 1698 4520 porra
1719 4437 1833 4501 reclusus

375 4507 452 4584 Ssset
473 4529 562 4586 eques,
578 4507 680 4587 sternet
707 4513 818 4581 Poenus,
845 4513 993 4590 Gallumque
1013 4533 1053 4570 re·
1080 4511 1119 4572 est
1135 4514 1232 4571 Nolae.
1255 4516 1382 4570 MACH.

472 4589 577 4655 bellum,
1120 4593 1194 4647 Vinci
1206 4591 1312 4666 duruit]
1333 4593 1376 4648 De
1390 4609 1446 4666 quo
1464 4593 1611 4651 Plutarchus
1619 4592 1660 4652 his
1676 4593 1834 4651 uerbirme·

376 4661 512 4738 Territaque
526 4685 600 4722 arma
612 4662 830 4742 patrifiispenltt
843 4681 917 4744 cepta
931 4665 1055 4744 Quirine.
1082 4667 1177 4724 minit:
1198 4667 1253 4724 Hic
1266 4669 1384 4744 primurn
1401 4669 1536 4725 Hannibal
1553 4687 1625 4748 terga
1648 4668 1780 4738 Romanis
1803 4681 1835 4718 o·

301 4733 346 4798 De
366 4755 420 4818 qua
441 4740 619 4804 controuersia
639 4743 764 4815 Seruius,
792 4746 820 4799 ec
840 4745 904 4818 Sere.
925 4741 1057 4822 Pumpejut
1081 4741 1187 4804 stendit.
1231 4745 1312 4802 Potiu
1325 4763 1415 4879 nappe
1429 4761 1544 4815 terrore,
1560 4765 1591 4804 ac
1606 4741 1757 4806 vulneribus
1771 4755 1843 4872 csppfi

1417 4841 1433 4879 a
