4756 5788
540 343 622 432 nn
648 333 797 432 VIRIS
825 327 1212 422 nnnsrnrnns.
1271 265 1371 414 eti.
1400 326 1532 414 ιιιιι.
1752 337 1832 437 183

287 534 456 602 scHOTT.
499 534 621 590 Hiberum
643 549 705 588 cum
729 523 911 602 adspiratione
931 521 1063 581 faventi·
1108 517 1259 594 Fluvium]
1282 519 1323 574 Er
1341 519 1420 574 MSS.
1442 514 1560 592 superat:
1582 512 1617 572 fic
1631 516 1702 574 enim
1719 515 1830 594 legunt:

282 617 333 678 but
348 613 449 691 scriptis
472 605 649 688 reposuimus.
692 605 762 664 Vide
783 605 884 676 Dausq.
908 599 1042 677 Orthogr.
1069 599 1100 655 ab
1110 597 1235 674 Hispania
1248 598 1314 652 citra
1330 595 1427 650 lberum
1443 608 1472 649 ut
1486 587 1834 666 abstinerent.SCHOTT.

280 709 349 772 port.
367 709 414 749 tr.
437 708 465 768 p.
483 705 546 756 154.
566 691 593 743 δι
614 686 733 743 Oudenl.
756 679 791 740 ad
812 680 909 738 Lucan.
932 677 980 736 lib.
998 697 1045 736 ιι.
1072 673 1149 734 Olim
1166 673 1310 764 edebatur:
1328 668 1576 760 Hiberumstrmimu
1591 669 1761 756 nltslirrereut,
1778 670 1831 740 vel,

282 769 350 830 vers.
369 783 415 838 50.
436 765 582 824 ARNTZ.
1072 768 1100 810 ut
1113 749 1278 828 abslrnerent.
1297 749 1347 807 Sed
1361 748 1406 806 illa
1419 767 1454 806 ex
1471 750 1551 805 MSS.
1564 763 1716 820 repetimus.

287 999 1809 1046 Μ

797 1146 1097 1274 cneo-'T
1158 1145 1323 1232 XLII.

769 1355 1334 1444 Annunnnrum

275 1551 395 1624 Arica
414 1549 519 1624 Patre
536 1549 749 1636 admovetur,
774 1546 879 1616 odium
898 1548 931 1614 in
957 1542 1116 1610 Romanos
1130 1540 1250 1632 jurat,
1277 1539 1456 1636 Saguntum
1474 1541 1615 1630 euertit,
1640 1543 1675 1612 in
1699 1545 1837 1614 Italiam

323 1649 473 1742 trajicit,
500 1649 543 1718 P.
563 1649 756 1736 Scipionem,
770 1643 986 1734 Sempronium
1004 1637 1168 1733 Longum,
1189 1639 1404 1727 Flaminium,
1424 1641 1579 1709 Paullum
1596 1637 1638 1716 {tl
1657 1642 1836 1712 Varronem

311 1745 471 1836 stuperet,
500 1739 829 1828 Conrpuniaodelitiis
852 1736 1057 1832 elanguescit,
1075 1735 1222 1826 fruitus,
1248 1735 1406 1826 repuiſset,
1423 1733 1578 1832 fugatus.
1598 1733 1771 1826 stuperatem
1786 1735 1834 1806 ad

323 1839 540 1924 Antiochum,
566 1837 607 1916 ὅ
623 1838 731 1908 deinde
746 1835 792 1906 ad
806 1836 959 1927 Prustum
984 1830 1142 1924 confugit,
1168 1855 1284 1904 veueao
1302 1831 1480 1924 absumitur
1495 1829 1536 1910 &³
1553 1835 1588 1902 in
1603 1853 1682 1904 arca
1704 1833 1830 1926 lapideo

315 1939 450 2028 partitur
464 1936 642 2005 Hannibal.

366 2138 529 2224 annibal
554 2138 797 2224 Hamilcaris
818 2136 922 2222 filius
950 2163 1102 2222 novem
1131 2164 1263 2220 annos
1289 2153 1434 2235 natus,
1460 2161 1485 2216 a
1508 2136 1627 2220 Patre
1656 2138 1734 2222 aris
1758 2135 1861 2248 aed-1
1910 2189 1913 2200 ·

389 2273 547 2350 motus,
577 2249 717 2334 odium
735 2248 780 2331 in
801 2249 1012 2333 Romanos
1037 2273 1220 2358 perenne
1241 2246 1396 2350 j'trravit.
1454 2244 1614 2330 Exinde
1637 2247 1765 2336 socius
1780 2247 1825 2331 &

268 2365 384 2452 miles
403 2365 450 2448 in
475 2359 611 2447 colitis
637 2359 751 2446 Patri
770 2358 863 2444 fuit.
919 2359 1094 2444 Mortuo
1121 2384 1170 2444 eo
1192 2353 1365 2484 catellam
1391 2353 1485 2481 belli
1508 2381 1728 2462 quaerens,
1756 2359 1826 2444 Sa·
1840 2407 1868 2465 2

1189 2497 1192 2504 .
1719 2493 1827 2580 gun·

315 2684 327 2722 1
351 2661 513 2738 Harmiai]
535 2661 599 2717 Hoc
620 2672 699 2734 caput
723 2673 814 2714 totum
834 2655 938 2714 bollum
953 2655 1034 2712 Puni·
1141 2658 1194 2712 Hoc
1205 2669 1269 2731 puer·
1281 2657 1321 2710 ud
1337 2653 1593 2731 Libycasjurnverm
1607 2654 1823 2710 Hannibalem.

273 2755 336 2796 tum
354 2739 501 2796 secundum
523 2734 725 2810 complectitur,
751 2733 860 2812 dequo
882 2732 1035 2792 rideFlor.
1066 2733 1191 2790 MACH.
1235 2731 1309 2790 Vitio
1325 2733 1471 2789 memoriae
1492 2734 1647 2802 Martialem
1663 2729 1748 2788 voluit
1761 2728 1829 2788 scri·

272 2812 323 2872 lib.
344 2835 389 2872 ιι.
405 2834 462 2890 cap.
481 2831 531 2870 vt.
553 2811 688 2868 ANNA.'
1063 2807 1124 2865 bere
1140 2809 1186 2865 lib.
1206 2829 1252 2866 ιι.
1270 2809 1362 2894 Epigr.
1380 2828 1473 2867 xrtv.

318 2910 364 2948 ιι.
380 2885 575 2966 annotantur]
597 2887 639 2945 Sic
660 2885 775 2944 omnino
791 2882 959 2945 scribendum
974 2904 1034 2942 cen·
1102 2885 1209 2964 Patri]
1246 2888 1287 2942 ln
1313 2883 1463 2964 scripsimus
1491 2907 1524 2944 ex
1548 2884 1680 2944 Sententia
1710 2900 1826 2962 quatuor

272 2963 336 3034 seo,
356 2985 412 3022 non
436 2987 485 3024 ιι.
504 2961 625 3031 Rursus,
649 2981 679 3020 ut
700 2961 748 3032 fit,
769 2983 847 3022 notae
867 2965 897 3022 in
917 2963 1035 3024 numeris
1062 2961 1197 3020 Codicum
1213 2967 1240 3020 dc
1257 2961 1391 3019 Editionis
1408 2963 1539 3033 Venetae,
1561 2982 1623 3019 cum
1638 2962 1754 3038 reliquae
1769 2964 1823 3016 Pa-

273 3041 462 3120 tromposttat:
483 3041 572 3119 itaque
586 3039 728 3118 legendum
745 3059 857 3098 monent
876 3039 971 3096 Liuius
985 3039 1033 3097 lib.
1061 3041 1110 3095 tris
1125 3038 1232 3097 habent.
1275 3037 1354 3096 Tales
1369 3039 1452 3096 dativi
1467 3041 1598 3118 eleganter
1620 3055 1758 3124 ponuntur
1773 3056 1830 3116 pto«

273 3136 342 3176 ιιι.
364 3119 466 3193 Orestas
479 3117 528 3176 lib.
548 3137 597 3176 tv.
617 3117 764 3194 caeterique
785 3115 911 3175 historiae
928 3119 1032 3176 Roma·
1063 3113 1123 3173 casu
1144 3113 1268 3174 secundo.
1290 3118 1416 3172 Martini.
1431 3116 1479 3173 lib.
1496 3137 1562 3174 ιιι.
1581 3119 1675 3194 Epigr.
1690 3134 1764 3173 xxv.

271 3211 320 3252 nae
335 3213 527 3264 commotores,
549 3199 576 3250 δι
594 3195 725 3250 Cornelius
741 3195 824 3270 Nepet
839 3195 867 3252 in
889 3194 960 3252 Vitis
977 3195 1033 3250 Etr·
1141 3193 1238 3268 Etefilio
1253 3195 1365 3250 comitem
1379 3197 1499 3268 quoeris,
1519 3195 1613 3268 agellus
1627 3207 1694 3250 erat.

272 3287 409 3349 ternortpn
420 3275 462 3330 lm
496 3288 632 3328 rarorum.
647 3273 728 3327 Anno
737 3269 832 3329 debinc
840 3271 931 3330 aetatis
941 3291 1032 3328 xxvt.
1064 3271 1104 3325 lta
1116 3270 1189 3326 enim
1205 3269 1244 3326 ibi
1257 3269 1462 3328 melioristtotte
1470 3269 1595 3328 Codices.
1615 3271 1708 3328 Seneca
1718 3266 1827 3326 Phoen.

268 3349 419 3427 Imperator
434 3292 496 3406 belli
510 3347 608 3406 eledius
622 3345 677 3405 est:
698 3367 760 3404 nam
776 3347 843 3406 duee
856 3365 929 3426 patre
945 3347 1033 3403 Antil-
1065 3341 1133 3402 vers.
1153 3363 1198 3416 ςι.

267 3443 325 3483 cart
345 3445 391 3484 ιι.
412 3445 498 3483 annot
513 3425 544 3482 in
559 3424 688 3502 Hispania
711 3424 767 3480 mili
780 3426 853 3493 avit,
876 3443 965 3482 virt.
986 3421 1034 3480 sub
1066 3478 1071 3488 ,
1294 3453 1308 3466 ·
1326 3457 1339 3468 -
1358 3457 1371 3470 -
1390 3426 1523 3482 Nemone
1537 3427 1647 3486 comitem
1661 3423 1709 3482 tibi

267 3501 323 3574 ejus
338 3521 436 3580 genero
452 3499 611 3559 Asdrubale.
653 3499 784 3558 Mendtse
800 3503 881 3576 igitur
898 3502 1034 3575 Eutropius
1141 3499 1241 3576 Eripiet
1258 3519 1378 3574 unquam.
1805 3537 1816 3560 .

269 3595 319 3634 ιι.
347 3578 446 3637 scribit.
474 3579 647 3636 SCHOTT.
688 3575 752 3634 liv.
781 3577 828 3635 lib.
853 3597 921 3635 ιιι.
950 3579 1032 3633 Fama
1064 3573 1120 3632 Ubi
1135 3593 1243 3654 peccant
1257 3573 1312 3633 duo
1330 3579 1408 3634 MSS.
1424 3577 1500 3650 Trtj.
1521 3580 1561 3634 tui
1577 3573 1729 3634 scribentes.
1750 3577 1831 3634 Haec

267 3657 345 3710 otiam
361 3653 413 3729 esi,
435 3655 589 3713 Annibalem
603 3675 728 3712 annorum
746 3652 952 3732 sermomonem,
969 3669 1030 3731 pue·
1063 3651 1190 3730 loquendi
1203 3651 1333 3729 elegantia
1354 3671 1477 3730 corrupta
1497 3653 1577 3710 etiam
1599 3651 1649 3710 elle
1671 3653 1774 3710 videtur
1795 3671 1830 3709 a·

271 3729 359 3784 riliter
377 3732 545 3788 blandientem
564 3735 637 3808 patri
660 3733 789 3787 Amilcari
804 3747 834 3788 ut
853 3735 987 3788 duceretur
1002 3733 1029 3787 in
1062 3729 1116 3806 pud
1129 3729 1247 3785 Senecam
1261 3727 1308 3786 lib.
1330 3749 1374 3788 ιι.
1389 3729 1421 3786 de
1438 3725 1526 3786 Betiti.
1543 3748 1601 3806 cap.
1612 3748 1683 3785 rvr.
1704 3729 1758 3785 Sed
1768 3749 1824 3783 cum

271 3801 438 3887 Hispaniam,
459 3827 534 3880 quum
547 3807 657 3885 perfetio
672 3805 764 3883 Africo
778 3807 839 3864 bello
853 3811 990 3865 exercitum
1004 3828 1031 3866 eo
1061 3806 1150 3880 ubique
1162 3805 1202 3878 fit
1222 3808 1331 3862 uirtutis
1345 3809 1440 3863 modus.
1482 3804 1581 3862 Malim
1603 3807 1715 3863 uirtuti:
1730 3806 1824 3880 Vergi-

270 3879 591 3954 trajciiurusfitctificnret
600 3926 608 3952 ,
618 3886 744 3942 altaribus
757 3887 883 3940 admotum
898 3883 1030 3956 totiaſsi-
1059 3882 1108 3938 lius
1123 3881 1181 3940 Ed.
1200 3900 1245 3940 11.
1262 3879 1328 3942 verf.
1342 3890 1390 3940 68.

269 3951 498 4026 crispareiuraelo
511 3960 647 4026 aduttum.
660 3959 710 4036 se,
731 3979 806 4036 quum
817 3964 929 4038 primum
941 3957 1028 4037 pollet,
1291 3993 1304 4004 ·
1324 3993 1336 4002 -
1356 3992 1368 4002 -
1388 3959 1457 4036 Qis
1470 3961 1537 4018 enim
1550 3959 1636 4017 modus
1648 3955 1714 4036 aedit
1727 3959 1819 4016 emori.

268 4025 426 4116 bostemsore
435 4033 523 4107 populo
537 4035 657 4092 Romano.
698 4037 803 4106 Juravit
819 4035 936 4094 Annibal
957 4055 1029 4094 anno
1058 4035 1152 4092 Seneca
1167 4034 1280 4114 Hippol.
1297 4035 1364 4094 vers.
1382 4054 1447 4110 359.

267 4106 365 4164 mundi
386 4123 471 4179 3713.
498 4123 559 4164 ante
582 4111 616 4165 C.
637 4113 677 4168 N.
700 4131 763 4186 235.
789 4113 823 4172 ab
847 4117 885 4171 U.
910 4115 945 4170 C.
963 4120 1029 4184 516.
1135 4113 1324 4188 Saevisecquis
1342 4111 1377 4188 est
1388 4114 1613 4186 flammismta'us.

268 4183 394 4242 ΔΝΝΑ.
437 4185 557 4240 Undecim
580 4187 658 4242 Fran.
675 4207 742 4246 ιιι.
762 4189 890 4247 Gummii
913 4191 1028 4260 Codex,
1058 4187 1363 4246 Cl.l)uber.adFlorum
1379 4188 1817 4270 lib.11.cap.vr.cap.xtvrrr.

266 4259 315 4318 ubi
329 4276 419 4318 tamen
436 4258 487 4318 alia
501 4278 597 4316 manus
614 4257 807 4336 supernotavit:
828 4269 896 4325 alter
914 4287 960 4325 ιι.
979 4286 1028 4322 aen-
1055 4265 1126 4342 apud
1140 4266 1287 4322 Suetonium
1312 4261 1417 4340 Vespal.
1434 4285 1492 4344 cap.
1510 4286 1578 4325 vri.
1597 4273 1624 4337 §t
1643 4283 1669 4338 5.
1688 4269 1825 4326 Sedentem

265 4357 326 4405 roos,
348 4343 375 4394 &
392 4335 488 4396 sicrelt
529 4338 661 4395 iomntS.
702 4341 780 4396 Olim
798 4342 870 4400 Editi
885 4343 918 4400 ad
941 4362 1027 4400 unum
1054 4355 1101 4416 pro
1115 4341 1249 4396 Tribuncdi
1268 4343 1371 4416 pariter
1386 4345 1524 4413 utiterum,
1544 4359 1646 4402 orantes
1666 4360 1733 4421 opem
1747 4343 1824 4403 ivole-

266 4417 388 4471 undecim.
412 4356 572 4472 Plutaqtlanc
586 4415 615 4471 in
636 4433 693 4472 rem
718 4415 824 4492 collegit
841 4411 924 4475 Erud.
944 4419 1028 4492 Bttſsus
1056 4419 1151 4472 tudini.
1194 4417 1234 4472 lta
1257 4416 1316 4494 lego
1337 4435 1371 4472 ex
1394 4417 1514 4493 Voffionis
1543 4422 1674 4500 excerptis
1697 4422 1823 4500 probatae

263 4487 298 4547 od
326 4491 418 4566 Nepot.
444 4494 538 4549 Hann.
561 4511 617 4568 cap.
638 4511 683 4550 11.
709 4498 734 4563 §.
752 4509 779 4564 3.
822 4495 890 4571 Qio
913 4493 941 4551 in
966 4493 1027 4552 loco
1057 4489 1130 4550 fidei.
1173 4491 1234 4548 Alia
1249 4495 1352 4549 Curtius
1375 4493 1407 4550 ad
1422 4495 1527 4568 Sallull'.
1550 4497 1631 4555 Catil.
1655 4518 1712 4575 cap.
1729 4518 1777 4555 ιι.
1795 4503 1827 4565 §.

264 4565 536 4698 praestitumfitillnd
556 4567 742 4642 jusjurandum
756 4571 893 4628 examinat
901 4569 1028 4630 CLDra·
1056 4589 1084 4640 4.
1105 4575 1132 4626 δι
1147 4569 1210 4646 Jug.
1227 4587 1284 4656 cap.
1304 4587 1372 4625 vri.
1396 4577 1421 4640 ς.
1438 4589 1466 4641 4.
1487 4563 1576 4630 'cicero
1593 4593 1642 4652 pro
1656 4575 1819 4647 domocap.

283 4641 338 4697 cub.
353 4641 386 4699 ad
402 4645 495 4700 Silium
509 4645 556 4702 lib.
570 4666 595 4704 1.
611 4644 677 4704 vers.
694 4653 740 4704 81.
1056 4666 1104 4703 ιι.
1127 4645 1206 4722 Cujus
1213 4667 1322 4722 majores
1329 4648 1386 4703 buic
1396 4649 1486 4722 popule
1502 4647 1563 4724 fhcii
1576 4666 1654 4726 atque
1668 4647 1822 4720 amicisem·

299 4714 452 4796 fluvia]
468 4723 512 4780 Do
525 4719 580 4780 hoc
592 4721 722 4787 intellexit
736 4723 898 4801 Juvenal&
1048 4739 1097 4804 ΡΨ
1105 4720 1234 4801 limum*
1271 4721 1379 4782 &mnu
1392 4723 1612 4786 Cl‘mmms
1638 4725 1672 4784 ad
1694 4723 1827 4848 ovidippr
