4760 5800
575 381 627 474 μ
968 347 1698 444 srxrtnunntumcrous

573 547 740 660 hospitis
761 541 887 632 boves
911 540 1127 652 subripuit,
1154 569 1202 626 ac
1224 569 1278 628 ne
1300 540 1411 653 quod
1434 539 1528 628 esset
1552 541 1771 644 indicirun,
1797 541 1952 630 aversus
1972 544 2017 632 in
2039 545 2129 660 spei¹

536 663 733 748 3luncnm
751 651 940 740 adtraxit.
996 653 1182 764 Cumque
1197 655 1429 738 Recumnus
1449 652 1593 738 vicinis
1618 653 1855 766 regionibus
1878 659 2121 768 peragratis,

573 768 835 877 scrutatisque
868 761 1055 850 omnibus
1102 761 1296 870 eitrsmodi
1340 762 1534 864 latebris,
1581 761 1816 876 desperasset
1862 757 2124 854 inventuiurn

571 903 789 990 utcumque
806 904 936 987 aequo
954 875 1091 960 animo
1108 871 1365 986 dispendium
1382 873 1538 975 serens,
1565 871 1759 958 excedere
1775 872 1839 960 his
1856 873 2004 962 finibus
2023 904 2122 964 con-

535 989 768 1079 sstituerat.
810 985 869 1072 At
891 1013 991 1071 vero
1013 981 1576 1074 Euander‘excellentissrmae
1600 981 1770 1092 justitiae
1793 985 1877 1086 vir,
1911 984 1999 1098 post
2028 1015 2123 1074 uam

573 1129 684 1203 rem,
709 1101 769 1184 uti
785 1097 874 1184 aeta
891 1117 1000 1198 erat,
1026 1093 1247 1206 comperit,
1273 1095 1427 1180 servum
1445 1091 1729 1196 noxaededit,
1751 1093 1952 1205 bovesque
1969 1103 2027 1180 res
2051 1097 2124 1184 'tui

538 1207 559 1294 5
576 1211 683 1298 fecit.
725 1205 839 1294 Tum
856 1207 1089 1292 Recuranus
1105 1204 1173 1291 sub
1193 1201 1407 1290 Aventino
1422 1204 1633 1290 Inventori
1649 1205 1758 1288 Patri
1774 1231 1887 1288 uram
1904 1203 2123 1311 dedicavit,

575 1319 871 1446 appellavitque
892 1315 1138 1417 Maximam,
1166 1313 1210 1400 &
1233 1314 1342 1428 apud
1358 1342 1447 1399 eam
1470 1314 1667 1401 decimam
1682 1315 1739 1400 sui
1756 1315 1914 1426 pecoris
1931 1311 2122 1428 profanu-

537 1423 647 1518 6vrt.
703 1433 887 1540 Cumque
903 1425 1140 1512 ante'moris
1156 1423 1272 1528 esset,
1297 1425 1359 1509 uti
1375 1423 1561 1510 homines
1578 1424 1776 1510 decimam
1798 1424 1997 1511 frustrum
2014 1427 2120 1542 regi·

573 1543 649 1628 bus
672 1540 746 1627 suis
761 1537 1038 1650 praestarent,
1064 1535 1227 1645 aequius
1250 1531 1324 1621 sibi
1346 1535 1403 1620 nit
1426 1535 1556 1620 videri
1576 1537 1691 1622 Deos
1707 1535 1843 1647 potius
1866 1535 1936 1620 isso
1962 1535 2122 1622 honore

576 1647 869 1762 impartiendos
892 1644 990 1749 esse,
1017 1673 1137 1756 quam
1165 1671 1305 1758 reges3
1331 1643 1426 1730 inde
1456 1643 1645 1730 videlicet
1667 1645 1861 1747 erastum,
1886 1665 1932 1728 ut
1953 1647 2122 1732 Herculi

577 1762 773 1846 decimam
798 1757 1007 1868 profanari
1028 1784 1118 1842 mos
1147 1753 1271 1858 esset,
1307 1754 1525 1842 secundun
1554 1753 1666 1867 quod
1686 1757 1847 1841 Plautus
1882 1755 1927 1838 In
1948 1773 2119 1869 partem,

537 1869 726 1981 iinquit,
768 1869 1057 1962 Herculaneum,
1084 1865 1129 1948 id
1150 1863 1226 1964 est,
1253 1865 1463 1949 decimam.
1520 1865 1765 1950 Consecrata
1786 1866 1914 1980 igitur
1936 1895 2008 1952 ara
2027 1865 2119 1954 Ma·

575 1982 706 2083 uuna,
720 1979 1016 2166 profanatapue
1033 1972 1143 2084 apud
1158 1999 1247 2056 eam
1263 1972 1441 2073 decima,
1462 1973 1777 2072 Recaranus,eo
1795 1975 1906 2164 pund
1923 1976 2120 2062 Carmen-

575 2092 627 2175 tis
649 2091 841 2186 invrtata‚
856 2085 936 2169 adi
986 2084 1141 2166 sacrum
1156 2109 1244 2167 non
1257 2079 1459 2185 adfuisset,
1474 2082 1626 2181 sanxit,
1647 2083 1782 2164 necui
1815 2085 1973 2169 emmae
1990 2089 2049 2172 sas
2067 2089 2122 2174 es-

561 2193 634 2283 'set
656 2196 760 2282 vesei
781 2221 925 2294 exeo,
950 2191 1061 2303 quod
1078 2188 1209 2274 eidem
1224 2217 1318 2277 arae
1340 2193 1537 2280 sacratum
1559 2187 1676 2294 esset,
1701 2209 1822 2302 atque
1848 2191 1899 2278 ab
1925 2219 2039 2284 ease
2062 2195 2121 2286 di-

575 2307 672 2392 vina
688 2303 862 2389 feminae
877 2303 922 2392 in
939 2321 1073 2390 totum
1086 2321 1281 2390 remotae.

1996 2414 2119 2508 CA-

576 2602 618 2662 rel
637 2617 716 2662 artes.
735 2603 839 2660 Deerit.
862 2603 891 2659 in
913 2599 1001 2660 Andr.
1025 2601 1088 2660 Ae.
1106 2621 1131 2662 r.
1154 2605 1195 2662 Sc.
1214 2619 1240 2663 r.
1263 2595 1472 2690 ναίων.
1514 2605 1617 2686 Singuli
1630 2605 1705 2666 enim
1720 2603 1758 2664 dii
1772 2603 1848 2682 plura
1861 2599 1994 2664 habebunt
2014 2601 2121 2662 Numi·

576 2697 622 2755 31.
1362 2699 1406 2738 na.
1447 2685 1574 2742 Ceterum
1594 2683 1627 2742 de
1643 2685 1698 2740 Ara
1712 2679 1767 2760 ipsa
1781 2679 1829 2739 ius
1840 2683 1878 2740 ite
1891 2679 1970 2738 Nob.
1987 2677 2119 2757 Heiufiad

654 2757 752 2814 Horum
766 2753 808 2813 ise
821 2755 891 2812 nibil
900 2756 1000 2830 egregie
1008 2769 1114 2832 praeter
1126 2769 1210 2814 cerere
1334 2647 1447 2968 hippi.
1465 2779 1490 2818 r.
1515 2757 1584 2816 Fast.
1603 2765 1667 2828 580.
1695 2761 1793 2816 Donet.
1816 2701 1848 2816 de
1869 2753 1941 2815 Urb.
1965 2757 2050 2814 Rom.
2073 2773 2118 2812 rr.

652 2831 785 2890 studebat.
1305 2871 1312 2888 .
1364 2851 1436 2892 exv.
1457 2821 1588 2972 ffirmad
1604 2834 1667 2892 diu.
1683 2833 1880 2912 lib.t.cap.7.
1900 2830 2114 2908 CerdeadVerg.

575 2910 635 2968 Nec
648 2909 767 2966 multum
780 2907 836 2966 abit
849 2906 884 2965 ab
899 2905 949 2965 hae
962 2905 1097 2965 locutione
1110 2909 1219 2966 Plautus
1227 2905 1331 2986 Amph.
1487 2931 1530 2968 en.
1548 2930 1613 2981 ²7¹·
1631 2915 1713 2969 Salar.
1737 2911 1765 2968 in
1789 2913 1884 2968 Exere.
1908 2911 1981 2966 eun.
1998 2927 2024 2986 p.
2041 2927 2069 2979 7.
2089 2911 2118 2964 ει

576 3003 617 3044 11.
634 3003 815 3117 μὲηένῒιοὲκνο
830 3057 895 3116 illud
908 3073 1014 3136 praeter
1033 3059 1088 3116 esre
1101 3060 1170 3116 mire
1182 3060 1264 3116 mirer
1277 3077 1333 3114 ma·
1361 2983 1535 3124 {effi-lde
1547 2989 1604 3044 m
1625 2981 1997 3144 cap.11.t0m.p¹·Thes·
2016 2985 2117 3044 GM·

472 3206 477 3212 ¹
735 3138 815 3194 xime.
1400 3133 1591 3266 Proscnevitss
1617 3132 1649 3190 Id
1670 3131 1727 3201 est,
1755 3131 1889 3209 polluxit,
1910 3131 2049 3208 propalam
2070 3155 2119 3192 ex-

578 3213 728 3272 ARNTZ.
1361 3206 1458 3287 posuit.
1479 3213 1558 3266 Vm.
1593 3207 1621 3266 b.
1640 3229 1670 3264 v.
1691 3207 1724 3265 de
1738 3211 1794 3266 LI..
1814 3203 1985 3285 Profiuutum
2005 3212 2075 3286 quod
2085 3213 2114 3270 in

617 3311 636 3362 4
654 3287 749 3347 Nereae
761 3287 861 3399 dedit-J
883 3289 981 3346 Norae
1001 3287 1113 3358 dedere,
1131 3283 1170 3346 est
1191 3287 1221 3343 in
1241 3283 1332 3344 delicti
1352 3283 1473 3361 succerio
1483 3287 1628 3370 pollutum.¹
1640 3283 1764 3370 ANNA.
1977 3359 1982 3372 ⁸

576 3385 693 3444 poenam
707 3363 778 3422 dart.
802 3367 927 3424 auus.
1397 3367 1416 3416 6
1435 3365 1466 3420 su
1483 3361 1871 3440 pur·rem,rnqu1t‚HercuI.]
1892 3361 1925 3418 In
1946 3357 2047 3420 Sticho.
2069 3362 2118 3424 nbi

620 3459 634 3512 5
656 3442 911 3520 miserimiseris]
931 3443 1003 3512 Jovi.
1025 3443 1149 3500 ΑΝΝΑ.
1358 3437 1471 3498 ramenl
1506 3439 1558 3496 'tur
1572 3441 1678 3497 detraxi
1697 3453 1796 3514 partem
1817 3439 1921 3496 Hercul.
1942 3445 1968 3496 &
1990 3439 2019 3498 in
2041 3441 2116 3498 Tru-

616 3521 661 3596 Ap
690 3517 995 3596 dariiquemaximamq
1016 3519 1075 3575 Sive
1089 3515 1163 3604 quod
1184 3517 1277 3595 ingens
1292 3513 1331 3572 es·
1358 3515 1463 3576 culeuto
1513 3515 1799 3574 &.11.SCHOTT.
1823 3519 1850 3572 δι
1866 3515 1966 3573 stru.
2007 3515 2117 3576 Nussibi

578 3590 632 3663 set,
664 3591 1676 3728 suequodmaximaedignatioms.Seru.vrtuprppudPleurumlegitur
1698 3595 1846 3670 inpetrem
1867 3593 1971 3650 Hercul.
2015 3591 2065 3654 Sed
2084 3595 2115 3654 in

577 3671 691 3732 Aeneid.
717 3675 888 3750 Ingresenim
901 3673 936 3750 est
950 3694 999 3730 ura
1020 3673 1154 3738 Herculis,
1166 3670 1234 3746 sicut
1255 3671 1331 3726 uide·
1387 3669 1474 3728 sucus.

576 3770 629 3806 mus
643 3753 760 3826 hodieque
772 3749 825 3827 pest
832 3749 929 3826 januas
944 3752 1016 3806 Circi
1030 3749 1157 3804 Maximi.
1198 3747 1258 3802 Alii
1273 3766 1329 3802 ma·
1476 3779 1488 3796 -
1507 3779 1520 3792 ·
1538 3779 1552 3791 -
1569 3747 1641 3804 Mihi
1650 3762 1752 3826 partem
1766 3749 1872 3806 detruxi
1885 3747 2079 3806 Herculaneum.

575 3827 672 3882 ximarre
687 3831 740 3885 ideo
761 3829 848 3884 dicunt
869 3833 929 3902 quia
951 3827 993 3883 islo
1014 3839 1122 3900 ternpore
1142 3823 1254 3882 omnibus
1274 3839 1331 3880 erat
1357 3825 1481 3884 ΑΝΝΑ,

574 3901 664 3960 bonore
675 3905 768 3980 perier.
789 3905 913 3963 ΑΝΝΑ.
956 3903 1034 3961 Varie
1048 3897 1155 3956 tradunt
1168 3898 1196 3956 id
1213 3902 1329 3969 Veteres,
1398 3921 1415 3974 7
1436 3907 1523 3978 Atque
1536 3902 1567 3961 ab
1581 3923 1611 3960 ec
1624 3902 1684 3982 ru]
1705 3904 1801 3968 Forte,
1821 3918 1898 3980 utque
1911 3923 1965 3962 eum
1979 3905 2110 3970 remdtc.

575 3977 687 4055 quidam
703 3979 764 4048 Jovi
787 3981 923 4038 Inventori
945 3999 1003 4036 eam
1026 3975 1151 4034 dedicasse
1166 3975 1328 4046 Herculem,
1358 3975 1400 4036 sed
1416 3979 1553 4056 praestaret
1567 3981 1652 4037 notari
1667 3997 1833 4057 tempus‚cx
1849 3999 1905 4059 quo
1920 3997 2037 4040 remotae
2051 3996 2111 4035 mu-

573 4053 685 4136 quidam
702 4055 748 4113 suo
763 4057 881 4116 Nunsini
896 4055 939 4114 seu
956 4053 1021 4124 sbi,
1036 4053 1063 4110 id
1078 4053 1150 4110 enim
1164 4053 1250 4111 voluit
1262 4055 1330 4110 Soli·
1356 4054 1431 4114 lieres
1446 4055 1480 4116 ab
1495 4055 1663 4116 Herculaneo
1679 4053 1817 4116 sacrificio.
1831 4057 1922 4138 itaque
1937 4055 2030 4116 videsis
2045 4073 2112 4112 num

572 4154 619 4190 uus
640 4135 669 4190 in
694 4132 741 4192 Pol
762 4131 790 4191 h.
813 4153 870 4212 cap.
890 4155 900 4194 1
948 4135 998 4190 Suo
1019 4149 1112 4207 quoque
1132 4132 1244 4190 Numici
1265 4133 1329 4188 idem
1356 4132 1519 4212 legendum,
1539 4150 1614 4210 atque
1634 4133 1666 4190 ab
1687 4154 1731 4202 eo,
1753 4149 1782 4190 ut
1803 4131 2030 4215 subintelligatur,
2050 4147 2113 4190 rere·

572 4213 690 4268 Hercules
703 4154 814 4288 iiffdituie
827 4232 918 4278 arant,
940 4211 1128 4285 quaemaxiuru
1149 4211 1221 4287 opud
1238 4211 1329 4266 Ponti·
1352 4225 1423 4286 pore.
1445 4213 1568 4270 GRUT.
1610 4208 1673 4268 Falli
1696 4211 1846 4269 Gruterum
1868 4230 1944 4291 puto.
1986 4207 2063 4290 Nihis
2084 4227 2112 4264 e·

565 4287 624 4357 fices
645 4290 762 4345 habetur.
783 4287 820 4347 ibi
840 4285 884 4360 fico
905 4288 1016 4345 Nemini
1038 4281 1076 4344 est
1088 4285 1160 4364 fibi,
1189 4285 1326 4366 quiajam
1357 4287 1415 4344 uim
1430 4285 1601 4346 mutandum.
1645 4287 1691 4344 Ait
1712 4289 1800 4346 Viciu·
1821 4289 1898 4346 abea
1918 4304 1964 4343 ara
1987 4285 2112 4345 Maxima

572 4375 632 4416 tum
654 4363 799 4421 divinitatis
823 4361 881 4423 suae
903 4383 957 4422 erat
979 4364 1084 4422 certior.
1108 4367 1187 4444 Purp.
1211 4363 1325 4424 sib.1v.
1357 4362 1469 4433 scilicet,
1490 4382 1605 4422 remotas
1621 4364 1745 4424 mulieres
1760 4363 1902 4422 redivina.
1923 4359 2032 4434 Quippe
2046 4376 2110 4416 curn

574 4431 617 4492 u.
635 4455 697 4494 vri.
713 4440 779 4496 vers.
798 4446 843 4497 82.
1356 4439 1423 4499 duae
1436 4437 1516 4500 ess'ent
1530 4461 1589 4500 atae
1604 4443 1747 4510 Herculis,
1767 4441 1845 4496 altera
1860 4437 1887 4493 in
1910 4433 1971 4492 soro
1994 4433 2110 4504 Boario,

651 4513 684 4566 dr
699 4534 826 4586 nunquam
841 4515 961 4570 Herculeo
976 4515 1089 4570 Numine
1099 4515 1179 4588 pallet
1193 4515 1264 4572 ebur.
1354 4514 1432 4575 astera
1446 4517 1479 4577 ad
1532 4538 1599 4577 tram
1615 4517 1786 4595 trigeminam
1800 4513 1829 4566 in
1843 4511 1951 4589 regione
1965 4510 2038 4567 Circi
2047 4515 2111 4569 Ma·

572 4581 692 4669 Epithas.
709 4589 805 4642 Incerti
822 4589 941 4644 Maxim.
958 4593 984 4642 δι
1000 4585 1096 4642 Coust.
1114 4587 1180 4642 dict.
1197 4607 1276 4645 c.11.
1295 4595 1321 4660 §.
1355 4592 1448 4662 rimi,
1475 4539 1580 4652 adoista
1608 4609 1713 4648 taurum
1741 4586 1865 4644 mulieres
1888 4585 2107 4664 prohibebantur.

572 4681 599 4736 3.
622 4665 701 4732 Cujus
715 4675 751 4717 rut
772 4682 850 4726 erus,
871 4675 906 4716 tot
929 4662 1038 4736 terrrpla,
1059 4676 1095 4717 tur
1117 4663 1233 4719 Numina
1253 4667 1319 4733 colu,
1351 4669 1484 4727 Plutarch.
1499 4669 1527 4724 iu
1542 4663 1656 4744 Qlaest.
1665 4667 1751 4720 Rom.
1773 4661 1813 4721 iu
1827 4659 1854 4718 ei
1867 4659 2024 4734 δυιὶβυμόι
2039 4670 2110 4732 ispu-

567 4739 779 4798 Hccculecdedit.
820 4736 861 4794 Sic
874 4735 948 4795 euim
961 4734 1103 4816 legendum
1126 4733 1245 4812 videtur,
1265 4757 1321 4801 non
1348 4741 1420 4805 uuirt
1436 4737 1524 4815 irrue,
1543 4733 1798 4818 ὄμιτιλιμβᾶιιη
1818 4742 1931 4818 quirites
1944 4737 1983 4805 e'si
1995 4735 2113 4832 yiueeree

2067 4836 2113 4878 rer
