4756 5788
531 289 612 376 nn
637 279 784 374 uinis
811 275 1194 368 iiiusrninus.
1253 273 1351 360 ιιι.
1380 275 1530 368 xiiii.
1730 293 1808 388 191

269 451 411 594 fugere
432 473 484 562 ael
510 432 641 560 hostes
666 459 900 569 volentem,
929 495 1032 580 equo
1050 465 1092 550 δι
1109 464 1228 549 arinis
1259 459 1419 548 donatis
1438 465 1628 568 retinuit,
1658 466 1702 552 δι
1724 467 1807 552 Lu-

263 617 376 682 cano
397 587 554 674 cuidam
583 580 819 678 fortissimo,
846 577 899 662 ob
926 605 1108 662 amorem
1132 574 1308 659 mulieris
1337 573 1608 684 infrequenti,
1637 575 1807 661 eandem

270 687 452 810 emptam
467 697 577 782 dono
598 693 722 778 dedit.
779 686 1015 773 Tarentum
1039 685 1089 769 ab
1108 683 1287 769 hostibus
1314 683 1501 795 recepic3'
1517 685 1703 770 Herculis
1728 655 1846 798 sig-6

262 833 373 898 ‘num
394 807 497 893 inde
521 803 757 890 translatum
774 799 820 882 in
844 796 1051 922 Capitolio
1078 793 1290 880 dedicavit.
1346 796 1413 879 De
1439 791 1722 919 redemptione
1744 785 1845 882 cn?

304 923 477 1004 rivorum
498 943 590 1000 cuni
609 909 788 997 hostibus
809 931 989 1018 pepigit,
1019 905 1127 1016 qnod
1149 905 1311 1014 paetum
1332 932 1423 988 cum
1444 935 1467 989 a
1493 905 1648 992 Senatu
1669 933 1808 1012 inpro-

272 950 455 1132 baretut,
483 1025 654 1112 fimdum
673 1025 785 1109 suum
808 1019 991 1106 ducentis
1011 1014 1185 1106 millibus
1204 1015 1388 1104 uendidit
1399 1074 1414 1118 ,
1442 1015 1486 1100 δι
1502 1013 1597 1100 fidei
1609 1016 1810 1100 satisfecit.

1691 1126 1813 1216 CA-

258 1345 304 1386 sto
319 1325 412 1384 eadem
427 1323 590 1402 indulgentia
609 1325 641 1380 L.
658 1319 783 1381 bantium
805 1317 854 1376 sibi
876 1314 1080 1400 conciliavitpin
1094 1333 1156 1389 agro
1178 1313 1301 1370 Larinati
1320 1310 1379 1390 efit
1398 1346 1411 1358 -
1428 1345 1443 1358 ·
1461 1346 1474 1358 -
1492 1316 1534 1371 bas
1552 1335 1634 1372 omnes
1654 1318 1746 1372 niiites
1767 1319 1815 1376 dib-

272 1401 434 1468 Marcellus,
462 1400 532 1475 apud
553 1399 659 1455 Liuium
681 1397 751 1456 libro
767 1414 864 1452 xxiii.
879 1413 936 1470 cap.
953 1411 1025 1448 xiv.
1052 1393 1121 1446 mitti
1130 1391 1236 1466 placuit.
1278 1393 1309 1447 lu
1333 1389 1467 1468 Apologia
1486 1391 1531 1448 sua
1552 1391 1676 1468 Apulejus
1698 1413 1725 1470 p.
1743 1413 1808 1468 274.

276 1481 499 1538 GRUTERUS.
548 1475 597 1534 Sed
632 1493 679 1532 cur
711 1473 862 1554 quidquam
890 1487 1027 1527 mutemus
1054 1467 1214 1522 calumniam
1229 1469 1353 1544 Magire,
1373 1487 1438 1542 quae
1445 1465 1551 1544 futilius
1564 1467 1810 1546 infamatur,qssem

272 1573 365 1612 eontra
377 1552 532 1612 consensum
551 1555 628 1610 MSS.
649 1571 718 1628 quae
734 1568 830 1606 omues
846 1549 965 1604 naariam
981 1565 1029 1600 vo·
1049 1543 1192 1619 probatur,
1219 1563 1274 1600 eam
1287 1541 1371 1619 falam
1381 1543 1435 1618 fibi
1456 1545 1547 1620 delegit
1573 1548 1611 1600 ad
1634 1546 1808 1620 accusantium.

272 1629 350 1700 lunt,
370 1630 431 1688 licet
444 1629 593 1688 dissentiant
616 1628 706 1693 Editi,
724 1632 768 1692 δι,
790 1641 819 1680 ut
835 1623 964 1693 conjicio,
986 1641 1031 1678 eo·
1055 1617 1157 1675 Confer
1171 1618 1210 1675 ibi
1225 1635 1356 1696 maguum
1379 1619 1488 1696 Csifaub.
1505 1619 1639 1678 Celeberr.
1661 1623 1760 1680 Duker.
1776 1625 1811 1683 ad

272 1706 324 1764 dex
345 1709 491 1773 Grammii,
512 1725 574 1761 cuni
597 1703 669 1758 nulla
691 1701 822 1758 reticeatis
842 1700 944 1756 mentio
965 1695 1029 1764 fiat,
1055 1697 1157 1753 Florum
1172 1695 1219 1752 lib.
1238 1716 1286 1753 iv.
1310 1713 1368 1773 cap.
1383 1716 1448 1754 xii.
1466 1704 1493 1767 §.
1510 1703 1555 1753 28.
1575 1700 1648 1755 Cere.
1669 1699 1702 1758 ad
1725 1703 1808 1756 Cicer.

271 1803 306 1840 eo
319 1783 399 1850 loeo,
421 1781 468 1838 ubi
482 1783 612 1846 Seianus,
634 1781 764 1835 Manlium
777 1773 942 1855 expresserat.
969 1777 1031 1833 Nos
1058 1771 1142 1848 Epist.
1155 1771 1188 1829 ad
1204 1775 1279 1828 fain.
1294 1771 1342 1828 lib.
1360 1793 1428 1830 vii.
1445 1775 1496 1851 Ep.
1510 1794 1553 1830 ιι.
1569 1779 1597 1829 δι
1613 1794 1703 1833 xxvi.
1723 1783 1810 1834 &nos

272 1857 428 1935 exemplum
444 1855 524 1913 secuti
538 1853 636 1912 summi
661 1856 788 1912 Gronauii
807 1855 840 1910 ad
863 1853 969 1909 Livium
983 1851 1030 1909 lib.
1056 1844 1132 1926 supra
1147 1847 1180 1906 ad
1195 1867 1380 1924 cap.·xxvir.
1396 1857 1423 1920 §.
1442 1869 1467 1906 ι.
1488 1851 1635 1908 ARNTZ.

275 1953 364 1991 xxii.
386 1947 444 2010 cap.
469 1951 556 1989 xiii.
583 1935 702 1989 Marium
721 1928 897 1998 admisimus,
928 1928 967 1984 uti
991 1928 1029 1986 ibi
1093 1924 1300 2002 waramum]
1322 1927 1353 1981 In
1369 1943 1467 2003 magna
1482 1927 1603 1984 Graecia.
1626 1929 1748 1988 ΑΝΝΛ.

274 2007 328 2066 boc
358 2007 419 2064 loco
444 2005 609 2066 scribendum
635 2007 684 2066 ell'e
708 2006 737 2062 iii
771 2004 842 2063 notis
877 2023 1028 2062 monuerat.
1093 2001 1137 2056 Aa
1152 1999 1287 2078 hostiles]
1308 1999 1582 2080 Carthaginiensibus.
1604 2007 1730 2063 Mucii.

274 2087 423 2144 ARNTz,
1091 2078 1220 2155 Recepit.]'
1237 2079 1286 2134 Per
1300 2077 1413 2136 catillum
1426 2079 1565 2152 cujusdam
1579 2079 1746 2140 adolescentis
1754 2085 1811 2141 Ta·

314 2159 467 2238 Statistum.]
476 2161 605 2217 Statilium
615 2155 875 2236 Parifinusappellat.
883 2157 1029 2214 SCHOT·
1052 2154 1166 2224 remini,
1188 2154 1236 2232 qui
1251 2151 1382 2222 babebat,
1402 2155 1519 2213 militans
1543 2157 1590 2214 sub
1616 2158 1716 2228 labio,
1736 2156 1810 2218 soro-

274 2239 360 2294 TUS.
400 2239 538 2292 Frontinus
549 2237 596 2294 lib.
614 2256 663 2294 ιι.
679 2241 758 2293 Strat.
774 2253 830 2310 cap.
841 2253 911 2291 vii.
927 2253 969 2290 ex.
981 2240 1026 2305 36.
1052 2247 1108 2286 rem
1124 2231 1152 2287 in
1177 2231 1242 2287 urbe
1262 2227 1311 2288 fibi
1332 2231 1557 2302 amantissimam,
1579 2231 1811 2314 fidelissimamque

273 2313 317 2388 ,Q
329 2314 465 2370 Maximus
475 2313 636 2391 transfugere
649 2315 687 2368 ad
698 2309 774 2388 bastin
788 2312 912 2368 vokneem
923 2309 1026 2388 flatili-
1051 2323 1168 2366 amatam
1183 2326 1199 2364 a
1212 2308 1316 2364 Bruttio
1328 2307 1508 2383 jurene,urbi
1523 2310 1557 2367 ab
1573 2311 1724 2370 Hannibale
1739 2333 1812 2390 prae-

271 2409 316 2447 m„
328 2391 417 2445 asueri
430 2389 503 2463 adse
511 2389 594 2466 juffls,
946 2413 951 2424 =
1053 2381 1158 2458 posito,
1179 2383 1313 2460 pollicente
1333 2383 1472 2464 congressu
1492 2387 1628 2444 nocturno
1650 2389 1760 2446 muliere
1776 2389 1811 2448 ad

315 2464 452 2542 Deretin]
473 2467 569 2524 Scribit
583 2463 660 2523 Leid.
673 2462 724 2522 stc.
745 2465 884 2521 Donatum.
904 2478 935 2520 ut
954 2465 1028 2539 Vtrg.
1053 2456 1258 2528 seamatorem,
1278 2459 1383 2518 occaso
1403 2460 1463 2519 data
1485 2459 1537 2520 suit
1557 2463 1640 2520 Fabio
1662 2464 1809 2541 prodendi,

273 2540 324 2600 lib.
341 2562 370 2600 v.
388 2543 456 2597 Aen.
472 2540 538 2600 vers.
555 2557 620 2616 305.
1054 2535 1209 2614 volenteque
1225 2539 1335 2605 Brutio,
1355 2538 1443 2594 immo
1458 2536 1562 2616 signum
1577 2537 1810 2609 exbibeiite‚con-

371 2618 454 2675 Nemo
474 2639 507 2676 ex
530 2622 572 2676 bot
586 2637 688 2675 numero
707 2617 770 2674 mibi
787 2615 1030 2676 resalutaturum·
1055 2627 1094 2668 tra
1115 2613 1328 2670 Tarentinorum
1350 2611 1422 2690 spem
1451 2615 1600 2691 (inquam)
1623 2618 1810 2692 opportunitas

447 2693 496 2752 bie,
1054 2689 1199 2752 commoda
1219 2688 1271 2748 suit
1290 2690 1351 2750 duci
1375 2693 1502 2748 Romano
1524 2689 1596 2750 scalis
1616 2690 1741 2770 appofitis
1764 2711 1812 2748 ur·
1834 2727 1839 2736 ·

275 2767 313 2829 Et
339 2770 397 2826 Val.
419 2771 502 2826 Max.
523 2768 571 2826 lib.
591 2787 635 2826 ιι.
661 2787 718 2846 cap.
742 2788 771 2826 1.
792 2787 882 2829 exem.
897 2789 925 2826 2.
946 2769 983 2825 Re
1001 2772 1033 2825 iis
1056 2761 1116 2820 bem
1139 2767 1252 2846 ingredi.
1279 2769 1394 2828 IDEM.
1442 2771 1525 2827 Anno
1553 2767 1588 2827 ab
1614 2773 1653 2826 U.
1682 2769 1717 2826 C.
1744 2785 1808 2842 544.

276 2845 421 2900 muneribus
441 2847 570 2903 donatum.
597 2841 641 2903 sed
662 2845 800 2924 vulgatum
820 2863 897 2903 tueor
918 2843 957 2903 vel
978 2788 1033 2902 boc
1057 2841 1181 2900 ΑΝΝΑ.

276 2920 418 2990 Frontini,
445 2922 493 2998 qui
513 2923 586 3000 saepe
606 2919 711 2980 Nostro
731 2922 823 2980 eadem
845 2921 956 2990 scribit,
982 2921 1029 2982 lib.
1094 2921 1239 3001 Heraeus]
1262 2924 1335 2982 Alias
1354 2923 1466 2984 deorum
1488 2923 1619 3000 imagines
1645 2919 1745 2982 dimise
1769 2921 1811 2980 in-

281 3015 332 3054 iv.
348 3014 404 3073 cap.
422 3015 491 3055 vii.
505 3018 548 3055 ex.
565 3007 611 3072 36.
631 3000 694 3054 Tum
714 3001 804 3057 donato
823 3002 849 3058 et'
861 3017 939 3074 eque,
954 3013 1030 3076 pecu-
1055 2996 1165 3072 quiens:
1186 3002 1252 3058 Deos
1265 3003 1345 3058 iratas
1365 3001 1513 3057 Tarentinis
1534 3001 1714 3076 relinquamus.
1737 3003 1811 3058 Mn-

277 3076 349 3130 niem
367 3073 469 3150 infitper
484 3077 602 3152 largitus.
624 3077 770 3134 ARNTZ.
1055 3075 1178 3132 cHnN.
1221 3077 1244 3134 E
1265 3077 1347 3155 captis
1374 3077 1447 3135 enim
1468 3075 1556 3154 opidis
1585 3075 1659 3156 signa
1687 3079 1813 3136 Deorum

318 3150 358 3205 Ob
370 3170 478 3206 amorem
491 3156 605 3209 mulieris
618 3151 794 3232 infrequenti]
815 3150 963 3230 lnfiuquenr
976 3154 1030 3210 mi·
1055 3149 1264 3220 transferebant,
1285 3155 1322 3211 eis
1343 3174 1377 3211 ue
1390 3153 1430 3210 tel
1442 3153 1556 3212 eundem
1568 3195 1576 3223 ,
1586 3153 1626 3212 uel
1640 3155 1814 3232 ampliorem,

270 3223 349 3282 litare
364 3227 523 3286 vocabulum
539 3229 633 3299 Liuio,
655 3229 786 3364 Aspauia,
806 3231 900 3286 Plauto
921 3235 948 3287 δι
961 3229 1031 3288 aliis.
1056 3246 1138 3304 quain
1153 3173 1427 3299 habuesmt,iomm
1440 3231 1571 3288 ditabant.
1592 3232 1716 3288 ANNA.

274 3303 424 3375 Cornificius
438 3303 471 3362 ad
487 3307 655 3364 Herennium
670 3307 687 3363 li
712 3349 718 3362 .
736 3326 786 3364 iv.
806 3307 1035 3380 Praeter-tmperi
1097 3325 1114 3374 7
1134 3307 1175 3362 De
1189 3309 1356 3385 redemptione
1369 3307 1558 3386 captiuorum]
1579 3307 1691 3364 Fabium
1706 3307 1811 3365 inter&

275 3380 449 3437 miseriaetein
463 3398 604 3457 reqaemem
618 3382 759 3456 tradidifli.
779 3381 950 3457 Agelliuslib.
959 3402 1030 3440 xvi.
1058 3381 1237 3440 Hannibalem
1254 3401 1429 3454 convenerat,
1447 3399 1475 3440 ut
1489 3403 1553 3459 quae
1562 3400 1623 3462 pars
1634 3385 1718 3462 plures
1731 3387 1811 3462 capti-

275 3473 335 3534 cap.
355 3476 404 3514 ιν.
424 3459 521 3528 Miles,
541 3479 596 3518 cum
609 3463 669 3527 die,
689 3463 734 3536 qui
744 3459 890 3534 praedidue
898 3457 951 3534 efl,
974 3460 1031 3516 abe·
1057 3476 1102 3512 vos
1115 3473 1236 3534 acceperet
1249 3478 1324 3534 quam
1336 3465 1428 3525 daret;
1447 3463 1549 3537 argenti
1560 3465 1642 3536 ponde
1655 3463 1719 3518 bina
1730 3459 1812 3538 &fe-

275 3547 338 3600 rat,
365 3553 443 3608 neque
463 3535 595 3612 excusatus
618 3551 690 3604 erat,
718 3533 863 3612 infrequens
890 3535 1032 3612 appellatur
1056 3534 1136 3589 libras
1151 3537 1179 3590 in
1192 3537 1297 3593 militem
1309 3537 1460 3614 praestaret.
1501 3540 1813 3614 Decantatquaal'raginto

276 3609 363 3676 miles,
383 3611 427 3684 qui
440 3611 525 3688 alifi,
544 3611 690 3691 aftitquea
701 3612 795 3688 fignis.
839 3611 917 3670 Plura
930 3611 1032 3670 dusiis·
1070 3625 1147 3686 eptem
1160 3615 1331 3688 quamplures
1345 3634 1421 3688 quam
1443 3617 1540 3672 Poenus
1561 3612 1700 3690 recepistis,
1720 3635 1814 3690 angen·

277 3678 361 3766 simus
376 3685 472 3762 Li'pfius
484 3687 586 3746 Noster
602 3690 696 3767 Antiq.
711 3691 785 3748 ieet.
800 3688 849 3746 lib.
866 3711 898 3746 v.
913 3709 971 3768 cap.
982 3709 1032 3748 vr.
1056 3703 1155 3762 tumque
1166 3705 1212 3765 pro
1226 3693 1262 3746 eis
1272 3691 1398 3758 debitum,
1412 3691 1489 3768 sarept
1495 3691 1599 3766 farfara
1613 3694 1641 3746 in
1655 3692 1750 3748 Senatu
1765 3711 1793 3747 re
1801 3729 1816 3764 „

279 3757 308 3810 δι
334 3757 430 3818 libe.
467 3763 501 3821 de
531 3766 634 3824 Militia
664 3769 791 3824 Romana
821 3765 931 3844 dialogo
953 3785 1032 3824 uiri.
1059 3768 1174 3838 quoniam
1189 3765 1404 3844 nonconfisiuifer
1417 3783 1519 3844 patres,
1540 3769 1640 3824 tardius
1653 3767 1812 3845 erogaretur,

276 3831 449 3892 SCHOTT.
1060 3843 1211 3897 inviolatum
1232 3843 1264 3898 ab
1284 3843 1349 3917 huffe
1367 3865 1458 3922 agrum
1477 3841 1547 3918 miffo
1566 3843 1669 3901 Romam
1691 3848 1817 3926 Qittssi‘e

319 3908 459 4040 filatim.)
492 3915 585 3974 Codex
607 3923 701 3978 Haun.
732 3917 926 3996 cormptiffime
954 3917 1035 3995 t'nfre-
1055 3917 1113 3992 fisto
1127 3921 1261 3988 trandidit,
1278 3921 1402 3996 fidemque
1421 3921 1546 3998 publicam
1565 3921 1691 4000 impendio
1708 3931 1814 4004 privato

278 3997 387 4117 quenti,
407 3985 489 4073 deors
502 3991 586 4062 ,pansi
600 4012 707 4080 emtam,
728 4015 796 4074 quae
812 3995 890 4052 verba
905 3994 970 4072 quid
992 4015 1036 4052 ve·
1050 3992 1182 4069 iexfiiluit.
1223 3997 1287 4058 Vid.
1309 3996 1372 4055 liu.
1392 3997 1442 4059 lib.
1459 4017 1546 4059 xxii·
1562 4011 1731 4078 caputii.
1750 4005 1816 4064 En.

303 4078 349 4126 nt,
383 4079 438 4116 non
460 4061 557 4132 video,
584 4069 632 4127 nisi
653 4071 721 4129 sorte
743 4071 928 4148 reponendum
950 4069 1035 4129 sorec:
1064 4072 1162 4130 DEM.

197 4179 200 4184 ¹
278 4139 364 4195 dolore
380 4135 495 4227 aisanti,
518 4157 547 4195 ut
561 4161 635 4200 antea
649 4148 681 4204 ad
696 4147 890 4226 expositionem
907 4149 980 4205 vocis
995 4150 1035 4204 in·
1102 4151 1182 4224 Qud
1197 4153 1329 4230 parium]
1353 4147 1449 4210 Tertia
1469 4151 1616 4210 inflexione
1645 4157 1725 4212 MSS.
1751 4177 1817 4234 quae

275 4213 407 4300 frequenti
429 4233 445 4272 a
466 4215 614 4276 Gloslatore
634 4222 661 4276 in
683 4227 804 4282 missine
829 4223 879 4282 sint
908 4221 1036 4302 adposita.
1058 4227 1153 4300 puilia.
1170 4227 1343 4284 SCHOTT.
1385 4230 1496 4290 fastum
1519 4230 1547 4288 id
1567 4248 1628 4288 ante
1647 4233 1815 4297 Cannensem

282 4291 358 4382 ¹:⁶¹⁶·
375 4307 463 4348 autem
478 4312 519 4370 pr.
536 4311 684 4368 pronomen
708 4273 792 4366 sess,
812 4300 965 4362 offiiidebat
987 4301 1035 4358 sei·
1060 4299 1173 4368 cladem,
1186 4303 1291 4378 &prius
1306 4321 1389 4380 quam
1403 4320 1558 4392 aequaretur
1574 4308 1713 4368 Minucius
1726 4312 1817 4388 digni-

280 4367 342 4426 licet
355 4367 418 4426 baec
432 4388 505 4440 vox,
527 4391 595 4450 quae
613 4369 667 4430 sne
680 4375 823 4436 necessitate
842 4375 980 4433 videbatur
993 4373 1035 4432 iii-
1061 4391 1129 4442 tate,
1154 4378 1311 4434 Plutarchus.
1331 4381 1397 4435 Non
1411 4381 1492 4456 igitur
1505 4381 1549 4440 liic
1564 4384 1691 4443 habitain
1707 4375 1816 4450 narian-

281 4444 416 4522 terposita.
436 4446 485 4504 Sed
503 4448 577 4506 aliter
591 4448 702 4528 putasset
709 4491 718 4518 ,
735 4449 754 4505 fi
771 4447 951 4528 scivisset,0p
964 4471 1035 4508 imos
1060 4451 1098 4509 do
1112 4469 1231 4509 accurata
1244 4455 1456 4532 ratiotemporis.
1477 4461 1647 4519 SCHOTT.
1666 4467 1816 4526 Numisia.

280 4523 425 4610 Scriptores
440 4524 476 4580 eis
493 4525 699 4602 pronominibus
721 4525 760 4582 uti
776 4524 827 4596 fic,
848 4543 878 4582 ut
903 4527 1037 4587 abundate
1102 4530 1224 4586 Ducentis
1243 4531 1382 4612 millibus]
1416 4531 1568 4593 Sestertium
1588 4536 1693 4600 scilieet.
1735 4545 1818 4620 Quae

282 4599 430 4660 videantur.
450 4597 542 4658 Liuius
561 4599 610 4660 lib.
627 4621 699 4662 xiv.
721 4623 779 4681 cap.
795 4622 839 4661 ιι.
860 4601 940 4681 Qud
958 4609 1035 4663 Mid-
1051 4603 1191 4667 .librarum
1206 4603 1355 4666 nostratum
1371 4610 1572 4686 quatuordecim
1588 4615 1671 4674 millia
1684 4617 1815 4675 effitiunt.

280 4687 336 4737 enm
356 4675 499 4754 caueae,
518 4679 672 4760 Brundusi,
691 4683 730 4740 eti
745 4701 817 4742 mere
831 4681 972 4761 superem,
991 4683 1187 4746 attt¹ANNA.
1225 4685 1272 4744 Ex
1293 4685 1374 4748 tueri
1395 4687 1528 4767 scriptura
1548 4689 1624 4752 Laid.
1638 4713 1680 4774 pr.
1697 4693 1816 4756 milibus,

1743 4761 1820 4843 ΨΜ
