4756 5788
531 287 537 298 ’
589 355 671 436 ιω·
963 323 1183 420 onxrus
1210 321 1489 418 nunninus
1518 319 1746 422 moron

547 531 648 644 agie
657 589 674 634 ,
701 529 771 618 ubi
787 528 835 614 ab
854 517 991 610 Ennio
1010 517 1339 634 Gmeciub'tteris
1355 513 1572 604 institutus.
1629 516 1779 606 Consul
1798 515 2025 609 Celtiberos
2045 523 2126 650 do

1964 673 1970 682 ’
1988 657 2125 739 murt,

581 847 730 904 Sardiniam
749 839 869 920 fiaregi'r,
888 841 958 902 unde
978 839 1121 922 legendum
1139 831 1330 902 ratiocinabate
1344 843 1429 896 'raro
1470 835 1700 896 Huneeoneoot
1713 838 2018 919 erroreoineetligens,
2038 819 2115 899 &i-

579 921 645 977 olim
658 921 784 986 obtinuit,
805 939 850 978 aut
865 916 899 977 sic
908 945 916 985 ι
929 917 1040 995 sarritur
1053 919 1110 996 est,
1131 937 1176 976 aut
1189 920 1270 976 reair.
1291 914 1331 973 vel
1359 913 1397 970 lio
1411 931 1474 972 eum
1488 915 1554 972 virio
1568 912 1707 998 cumulatas
1721 915 1822 998 Siciliae
1842 913 1952 985 fecerat,
1973 915 2044 975 unde
2101 949 2117 962 ·

569 995 672 1070 fibegir
694 993 877 1064 retinendum,
898 1003 923 1052 dr
941 1014 988 1074 pro
1010 999 1108 1061 renair,
1129 1009 1175 1050 aut
1199 995 1270 1050 rexit
1289 993 1331 1047 itt·
1342 977 1345 1015 '
1358 1005 1394 1046 tet
1407 1007 1440 1046 ex
1457 987 1669 1064 praecedentibus
1693 1005 1827 1065 repetitam
1842 1008 1857 1046 a
1874 991 1996 1049 Librario
2018 935 2115 1059 inille.

576 1087 614 1126 err
634 1071 795 1130 rotandum:
824 1072 864 1129 vel
888 1073 975 1150 potius
996 1073 1088 1146 delegit
1109 1071 1281 1146 reponerem,
1301 1083 1331 1122 ut
1378 1066 1403 1120 ui
1419 1071 1446 1120 bc
1464 1067 1500 1122 ibi
1523 1070 1551 1121 t‘rl
1566 1067 1681 1121 Siciliam
1701 1062 1841 1140 scripserat.
1861 1064 1936 1122 Leid.
1952 1066 2000 1126 see.
2016 1069 2115 1128 habet:

576 1089 658 1202 afflue
671 1149 773 1225 magis,
793 1149 916 1228 exigente
926 1145 951 1204 id
967 1147 1003 1202 rei
1020 1147 1135 1202 veritate.
1155 1163 1217 1200 nam
1233 1139 1329 1218 Hispu-
1387 1139 1485 1216 ‘naastan
1499 1147 1529 1197 S.
1543 1145 1573 1198 S.
1582 1139 1733 1220 forriffinras
1742 1137 1807 1218 firir.
1848 1141 1878 1196 la
1892 1155 2013 1216 praecum
2025 1145 2119 1222 sudi-

575 1223 649 1280 uiam
664 1225 813 1282 citeriorem
830 1225 1012 1300 provinciam,
1033 1217 1329 1285 bocell'Celribcriam,
1355 1221 1426 1272 riam
1440 1223 1492 1275 dec.
1512 1225 1539 1274 δι
1553 1219 1592 1274 ira
1616 1220 1710 1274 Haun.
1733 1215 1782 1274 nili
1803 1213 1879 1294 quod
1898 1213 2011 1348 illetsair
2033 1219 2118 1278 simul

574 1313 658 1374 quam
674 1299 774 1358 Consul
791 1299 897 1356 sortitus
913 1318 984 1366 etat,
1007 1295 1120 1373 paralle,
1141 1294 1267 1372 dequcea
1282 1293 1330 1348 tri·
1355 1294 1472 1350 omitrar.
1514 1297 1587 1352 Htec
1602 1293 1681 1351 lectio
1697 1295 1823 1371 quamvis
1838 1289 1931 1350 tersior
1957 1309 1996 1362 rt,
2016 1301 2063 1364 dt,
2083 1312 2116 1354 ue

574 1374 711 1452 umphum
725 1374 826 1434 duxillc
841 1371 919 1434 refert
935 1376 1070 1450 subhinc,
1084 1374 1219 1450 Appianas
1230 1371 1261 1427 in
1278 1371 1342 1426 Hi·
1355 1367 1425 1424 milti
1439 1369 1549 1444 quidem
1569 1369 1689 1438 viderur,
1711 1369 1799 1425 multo
1820 1367 1979 1445 elegantior.
2024 1373 2131 1443 (Nam,

573 1449 702 1528 spasticis,
723 1459 750 1510 δι
765 1453 852 1510 Latini
869 1455 1008 1510 Romanae
1030 1446 1166 1507 Historiae
1184 1459 1343 1526 racemum-p
1355 1463 1389 1500 ex
1412 1448 1565 1520 repetitione
1587 1447 1695 1502 Prararr
1715 1451 1744 1502 δι
1766 1447 1897 1502 Praetura
1919 1442 1995 1502 facile
2017 1446 2115 1526 aliquis
2144 1493 2145 1498 ι

573 1543 626 1584 res.
666 1531 816 1586 Sardiniam
830 1529 940 1607 quidem
974 1526 1123 1584 rorinciam
1138 1525 1261 1582 sortitum
1276 1519 1424 1580 Ca-duos
1442 1519 1613 1600 Magistratus
1627 1522 1759 1588 effioetet,
1780 1521 1954 1600 primumque
1975 1520 2011 1578 ad
2030 1525 2115 1592 Jutr's-

573 1618 665 1662 tonem
683 1607 832 1662 Praetorem
857 1605 918 1661 Liu.
935 1547 983 1661 lib.
1002 1619 1109 1660 xxxtr.
1129 1605 1157 1657 ᾱ
1179 1601 1331 1658 Pinnae-ebur
1355 1593 1502 1654 dictionem
1516 1597 1638 1666 ciuilem,
1656 1597 1771 1655 alterum
1786 1597 1976 1675 provincialem
1990 1597 2112 1672 referret,

573 1679 678 1738 Catone
692 1696 904 1739 commemorat:
917 1677 981 1756 fiale
998 1677 1041 1756 iffa
1055 1696 1118 1737 reto
1132 1695 1232 1744 nemo,
1255 1673 1329 1752 quod
1356 1691 1417 1729 cum
1435 1673 1524 1730 litlrem
1542 1671 1620 1730 semel
1643 1687 1747 1748 praetor
1763 1671 1859 1740 buerit,
1880 1677 1907 1730 ae
1922 1673 1951 1730 in
1962 1693 1995 1733 ea
2010 1693 2112 1754 praeto

572 1757 698 1834 equidem
720 1757 900 1815 meminerim.
940 1699 1076 1826 lubicium
1101 1769 1191 1812 tamen
1217 1751 1327 1830 amplio.
1342 1763 1383 1805 'ta
1399 1747 1466 1806 sotte
1481 1749 1624 1807 obtinuerit
1646 1747 1795 1806 Sardiniam
1809 1749 1907 1822 Catol
1949 1750 2040 1821 Licet,
2067 1754 2110 1812 iu·
2168 1783 2174 1794 ·

573 1833 653 1891 Forte
668 1834 730 1892 ltine
750 1853 823 1891 error
842 1852 936 1902 natus,
957 1831 1032 1920 quod
1054 1829 1106 1888 five
1127 1831 1258 1887 Cornelias
1271 1830 1327 1885 Na·
1351 1825 1644 1976 qpffiqtuqmlqgcnq’qullt'aq
1657 1822 2015 1979 qqtlsqqresitqopppateagqqqn
2034 1827 2110 1963 (tppubg

562 1923 629 1986 pas,
650 1908 702 1968 siue
717 1912 844 1968 Aemilius
857 1911 955 1966 Probas
969 1925 1004 1964 tta
1019 1906 1082 1964 baec
1097 1907 1170 1981 prior
1184 1903 1325 1962 ertulillet.
1800 1977 1805 1986 .

836 1987 946 2042 Enniana
962 1989 1064 2061 pa'e'um
1083 1983 1242 2048 deduxerat,
1262 1982 1332 2052 quod
1352 1981 1427 2046 nair,
1440 1979 1551 2053 sortitas
1564 1977 1617 2050 all,
1638 1981 1709 2034 rexit
1724 1975 1743 2034 li
1758 1973 1979 2054 scrtpstffct,rete
1994 1977 2109 2059 scripsis-

529 1987 753 2120 §dismiriblls
766 1986 940 2134 opfiimamus,
956 2079 1036 2132 ,qaam
1056 2055 1187 2130 quemlibet
1207 2053 1327 2132 ampliffi-
1352 2051 1387 2110 set
1402 2057 1540 2112 Aurelius.
1561 2045 1604 2112 led
1639 2055 1680 2110 uis
1695 2052 1747 2110 hoc
1770 2052 1857 2121 diuet,
1876 2073 1940 2111 cum
1961 2071 2017 2114 tam
2040 2057 2111 2116 mul·

569 2156 637 2191 mam
647 2136 835 2208 Sardiniensem
856 2137 1018 2210 triumphant.
1060 2135 1139 2208 Quae
1158 2146 1248 2188 tameo
1270 2149 1326 2186 nott
1350 2144 1409 2185 rum
1431 2117 1554 2188 dillcrant
1575 2129 1628 2189 due
1662 2128 1853 2187 slittetatum.
1894 2132 1992 2210 Neque
2006 2131 2059 2210 sal
2092 2137 2111 2192 'r

564 2209 741 2284 triumphtllc
755 2211 889 2266 Catonem
903 2209 937 2268 de
948 2211 1041 2266 Sardis
1054 2206 1220 2284 loquuntur,
1240 2186 1342 2284 nequel
1381 2225 1394 2262 r
1408 2209 1479 2263 rexit
1493 2206 1578 2264 audeo
1591 2223 1742 2280 exponere,
1763 2224 1825 2263 eum
1840 2205 1941 2264 Noster
1962 2225 2019 2265 nott
2043 2213 2064 2268 Ρ
2087 2210 2108 2255 ’-

562 2285 627 2360 sale
643 2283 833 2362 r'ffetnondum
846 2286 921 2344 enim
937 2281 1066 2342 rebellalle
1079 2303 1112 2340 eo
1126 2299 1248 2362 tempore
1258 2283 1343 2340 Sar-t
1378 2278 1511 2358 sophum,
1533 2281 1575 2340 sed
1592 2279 1759 2342 Historicum
1775 2283 1848 2362 agit,
1869 2282 1943 2352 eujus
1956 2282 2039 2341 rerba
2058 2303 2103 2344 ea-

564 2364 611 2419 a'or
621 2306 693 2442 legi.
706 2364 877 2420 SCHOTT.
918 2359 1010 2420 Restat
1030 2361 1058 2417 in
1079 2361 1174 2416 Seborrt'
1195 2357 1323 2416 omnibus
1338 2346 1442 2477 ipienda
1457 2357 1517 2416 sunt
1531 2358 1564 2444 de
1578 2359 1681 2443 domita
1696 2359 1820 2437 regione,
1842 2377 1896 2416 noo
1912 2358 2030 2416 devitiis
2045 2362 2109 2420 ani·

569 2439 649 2495 MSS.
669 2459 702 2496 rx
713 2453 855 2514 praetura,
875 2455 905 2495 ut
927 2435 1046 2496 rideatur
1067 2455 1121 2490 vox
1145 2433 1239 2493 ultima
1261 2455 1323 2492 mu·
1347 2452 1385 2490 mt
1408 2440 1436 2490 ac
1457 2434 1578 2513 inprobus
1603 2434 1745 2508 moribus,
1778 2435 1807 2492 in
1828 2433 1926 2514 quibos
1950 2437 2107 2496 coc'teendis

565 2510 646 2571 tanda
660 2535 688 2571 ιιι
702 2514 781 2572 aliam
791 2555 800 2583 ,
809 2533 877 2592 quae
891 2515 986 2571 innuat
999 2508 1129 2585 altinensi
1145 2528 1191 2568 aut
1197 2509 1323 2588 sortitam
1339 2491 1504 2587 'asperiorem
1519 2529 1584 2570 eum
1597 2511 1626 2570 io
1641 2508 1690 2568 bae
1705 2527 1825 2589 praemra
1839 2507 1913 2568 soille
1928 2527 2003 2568 notat
2033 2511 2111 2570 lior·-

563 2589 732 2658 Satdiniamt
752 2609 808 2648 uon
822 2607 912 2648 autem
933 2591 961 2649 ri
974 2585 1109 2668 ¹subegisse
1129 2601 1258 2664 tanquam
1281 2607 1322 2646 re·
1338 2576 1376 2681 {aa
1390 2585 1436 2643 lib.
1453 2607 1561 2646 ιιιιι.
1578 2605 1635 2666 cap.
1652 2607 1762 2646 xrrrr.
1781 2589 1875 2662 delegit
1889 2604 1982 2672 'autem
1999 2587 2112 2650 scribere

563 2663 679 2736 bellem,
704 2715 707 2722 .
746 2665 782 2726 od
806 2686 888 2728 uerno
917 2664 1027 2744 scripsit.
1068 2663 1216 2722 Videautut
1244 2681 1323 2723 notae
1338 2681 1404 2733 ‚non
1419 2666 1523 2741 potuit,
1543 2683 1605 2722 cum
1620 2663 1694 2740 serre
1708 2681 1767 2722 eam
1783 2679 1925 2740 acceperit,
1946 2661 2011 2720 teste
2030 2665 2109 2725 Livia

484 2787 487 2794 .
563 2742 658 2801 Seborri
674 2763 709 2802 no
735 2745 768 2802 ti,
808 2745 883 2802 Nam
902 2743 983 2800 Palat.
1006 2741 1070 2799 alter
1086 2738 1181 2797 habet:
1195 2739 1270 2818 sair.-
1291 2743 1322 2798 ln
1336 2738 1394 2816 nib.
1410 2757 1516 2799 ιιιιι.
1532 2761 1590 2820 cap.
1601 2759 1679 2798 ιιιι.
1720 2739 1807 2818 Quod
1822 2755 1911 2798 autem
1926 2757 2019 2797 rorem
2033 2739 2107 2802 bans

563 2817 654 2876 Sicilia
665 2837 788 2896 practura
801 2822 951 2877 Sardiniam
963 2818 1076 2898 fiabegir.
1096 2818 1220 2874 GRUT.
1262 2817 1323 2896 Ego
1345 2815 1484 2876 delendam
1498 2817 1597 2876 censeat
1612 2815 1788 2904 Elegantioris
1806 2817 1882 2874 sexus
1898 2816 2107 2885 Decus‚adsen·
2151 2853 2153 2858 ,

562 2912 629 2972 puro
651 2895 789 2955 delendam
812 2911 918 2954 tamum
939 2913 1034 2952 rocem
1056 2891 1176 2968 fialegir,
1204 2911 1287 2968 quam
1308 2890 1394 2950 elrire
1408 2911 1530 2970 nequeo,
1551 2912 1693 2952 nonenim
1714 2891 1853 2970 intelligo,
1875 2891 2018 2969 quomodo
2040 2895 2105 2954 Gal·

561 2968 715 3046 glossemate
729 2988 819 3026 natam
836 2969 961 3046 suspicor.
1000 2971 1108 3044 Nempe
1129 2965 1260 3044 scripserat
1274 2965 1402 3024 Vr-'licis
1428 2969 1537 3027 autibus
1563 2970 1621 3027 talis
1650 2965 1814 3026 constituto
1843 2967 1943 3046 placere
1973 2971 2106 3048 potuerit,

561 3046 633 3101 aar:
654 3047 684 3102 la
697 3060 823 3122 praetem
836 3047 986 3101 Sardiniam
1002 3041 1173 3118 Elleipueas,
1194 3039 1321 3100 subintel·
1346 3060 1413 3119 quae
1426 3061 1493 3102 oetee
1505 3044 1575 3122 apud
1591 3043 1635 3104 Bel
1672 3065 1701 3114 s,
1721 3043 1780 3104 lioee
1802 3043 1935 3111 ctalliori,
1956 3047 2031 3125 qnod
2054 3047 2105 3106 illis

560 3119 631 3177 lello
646 3121 772 3191 obtinuit,
791 3125 859 3197 egit,
879 3122 984 3186 babuit,
1006 3124 1058 3176 &o
1099 3115 1185 3194 Quod
1208 3132 1238 3174 ut
1258 3136 1321 3174 mo·
1346 3117 1489 3192 objicitur,
1509 3119 1584 3178 coelo
1606 3119 1639 3178 ad
1653 3122 1725 3190 ueri,
1752 3123 1819 3182 vitio
1848 3139 2004 3180 verteretur.
2043 3125 2103 3182 Du·

559 3213 634 3254 neret
647 3194 780 3256 studiosus
797 3197 893 3272 aliquis
910 3194 1024 3273 margini
1039 3191 1172 3272 adscripsit
1178 3193 1241 3269 sap.
1256 3197 1318 3268 agir.
1347 3194 1402 3250 rius
1418 3192 1521 3255 sortasse
1541 3198 1604 3276 quis
1625 3195 1777 3268 existimet,
1798 3197 1816 3256 fi
1837 3199 1935 3256 vitium
1957 3196 2011 3257 boc
2030 3201 2108 3277 igno-

554 3273 648 3348 ·Quod
663 3273 753 3350 postea
766 3275 795 3330 in
817 3289 922 3328 textrm
945 3287 1079 3348 receptum
1101 3269 1129 3325 in
1143 3268 1247 3347 firbrgir
1266 3271 1319 3326 im·
1347 3271 1447 3329 tantiae
1461 3271 1505 3331 scu
1520 3274 1564 3332 ine
1583 3291 1632 3332 nae
1652 3275 1779 3332 Auctoris
1796 3271 1879 3334 nostri
1895 3275 2025 3346 tribuam,
2034 3295 2131 3356 prae„

559 3363 696 3407 mutatum
719 3346 770 3410 cst.
792 3349 917 3406 ΑΝΝΑ.
956 3349 999 3404 Ea
1016 3359 1142 3426 praetura
1164 3344 1208 3403 hic
1227 3346 1318 3406 locum
1347 3346 1435 3404 sertim
1458 3369 1520 3406 curn
1543 3293 1609 3408 illia
1631 3351 1815 3409 Librariorum
1842 3349 1934 3429 calpae
1953 3352 2034 3410 etiarn
2058 3353 2105 3414 ad·

558 3419 657 3481 habere
679 3422 755 3482 baud
777 3422 878 3502 potest,
907 3443 970 3480 eom
990 3443 1023 3482 eo
1050 3439 1104 3482 tem
1143 3441 1169 3480 te
1196 3423 1319 3481 nondum
1346 3419 1456 3482 scribere
1471 3427 1592 3485 maluerit
1607 3429 1714 3503 Pighius
1734 3445 1804 3486 tom.
1822 3445 1868 3485 ιι.
1893 3431 1966 3486 Ano.
1993 3448 2023 3508 p.
2040 3447 2104 3500 251.

558 3499 757 3574 provinciaeer
769 3515 896 3578 praema
909 3499 1052 3568 darentur,
1075 3496 1092 3556 s
1132 3515 1236 3557 tantum
1252 3517 1319 3578 qua·
1348 3502 1490 3577 Quare&
1513 3504 1693 3578 conjeeruram
1715 3523 1807 3563 meam
1826 3501 1995 3573 adscribere,
2023 3523 2107 3583 quam

557 3591 620 3632 tuor
632 3573 781 3654 legerentur
795 3595 944 3656 praetores,
967 3578 1014 3655 qui
1037 3573 1144 3634 interse
1164 3577 1317 3635 sortirentur
1345 3578 1473 3654 petiturae
1491 3577 1595 3640 chartae
1634 3593 1741 3651 arcete,
1762 3582 1842 3640 latius
1863 3580 1940 3640 duxi.
1980 3583 2106 3656 Repone·

554 3665 708 3730 ptaetutam
723 3655 872 3724 Urbanam,
894 3657 1078 3730 Peregrinam,
1094 3653 1315 3711 Siciliam&Sar·
1342 3669 1399 3712 rem
1414 3655 1504 3732 itaque
1517 3674 1586 3734 ego:
1610 3601 1760 3716 §misniam
1766 3658 1840 3737 firrre
1854 3661 1916 3737 egit.
1935 3658 2007 3714 Sarte
2021 3673 2100 3716 nam-

554 3731 664 3788 dint'am.
705 3735 745 3789 Ut
760 3746 828 3810 patet
843 3752 876 3790 er
889 3733 1025 3808 Pomponia
1044 3729 1237 3799 jurisconsulto
1250 3729 1268 3786 l.
1287 3751 1314 3788 ι.
1343 3748 1395 3804 que
1409 3730 1504 3790 divisas
1518 3731 1592 3792 suiist
1613 3735 1765 3812 provincias
1785 3755 1867 3793 nemo
1883 3734 1997 3812 ignorat.
2040 3737 2102 3804 Qui

553 3811 584 3876 1ς.
601 3824 647 3880 3²·
664 3803 696 3865 ff.
716 3807 751 3865 de
766 3811 806 3866 0.
821 3810 847 3879 J.
865 3808 993 3885 Epitoma
1007 3807 1122 3864 troiana
1138 3825 1186 3863 ιι.
1206 3811 1234 3864 ιι
1248 3807 1315 3863 Sali—
1341 3806 1468 3879 dubitat,
1504 3827 1602 3888 practer
1625 3811 1765 3870 innumera
1787 3811 1846 3870 loca
1872 3808 1992 3870 conferre
2016 3809 2102 3890 potest

554 3902 587 3938 no
601 3883 630 3938 iu
647 3881 776 3961 Polybist.
791 3903 849 3962 cap.
866 3904 899 3944 ι.
940 3881 1033 3946 Postea
1046 3883 1176 3951 demum,
1196 3901 1258 3939 cum
1273 3884 1316 3940 in·
1342 3883 1448 3942 Liuiam
1463 3885 1509 3945 ltb.
1529 3907 1578 3946 ιι.
1592 3905 1653 3964 oap.
1669 3907 1799 3948 ιιιιιι.
1819 3893 1847 3946 δι
1862 3905 1970 3948 ιιιιι.
1991 3887 2110 3946 lib.r1.-

555 3957 652 4016 dudlae
674 3961 735 4016 lum
755 3959 924 4039 quaestiones
945 3975 1100 4038 perpetuae,
1130 3979 1163 4016 at·
1185 3961 1315 4016 Praetura
1342 3979 1399 4039 cap.
1415 3981 1484 4019 ιιι.
1506 3963 1554 4022 lib.
1571 3982 1641 4024 ιιι.
1656 3981 1715 4040 cap.
1732 3983 1782 4022 ιι.
1798 3969 1826 4022 &
1843 3983 1994 4024 ιιιιιιι.
2014 3967 2098 4024 Smer.

554 4029 584 4089 in
611 4035 749 4112 provincia
776 4035 846 4094 miffi
880 4034 941 4093 sont
978 4037 1096 4093 Romani
1132 4033 1313 4111 magistratus.
1340 4034 1389 4095 lib.
1407 4056 1433 4096 ι.
1449 4037 1537 4096 delta
1559 4059 1588 4097 ca
1609 4036 1784 4098 ‚rr1.fine.
1809 4041 1946 4118 Spartian.
1968 4047 2026 4102 Ser.
2043 4060 2100 4120 rap.

554 4108 652 4186 Neque
665 4111 745 4168 etiam
759 4107 822 4169 ferri
836 4109 923 4190 potest
938 4115 965 4167 in
979 4113 1082 4169 Sieidar
1093 4112 1312 4188 praetura,quod
1345 4131 1389 4171 ιι.
1403 4119 1430 4170 dr
1449 4133 1497 4172 rr.
1526 4059 1611 4174 Erud.
1634 4113 1803 4173 Manrlteram
1825 4117 1859 4176 ad
1882 4119 2002 4176 baana.
2024 4119 2097 4182 Piae,

555 4187 583 4238 dr
595 4183 678 4243 'habet
693 4186 769 4246 Leid.
785 4207 826 4268 pr.
844 4193 872 4246 δι
884 4187 962 4246 sacile
975 4207 1008 4247 ex
1028 4191 1136 4246 Gruteri
1150 4186 1263 4245 lesbione
1276 4187 1315 4246 es-
1342 4191 1425 4248 Narr.
1448 4189 1512 4248 lab.
1531 4210 1575 4248 ιι.
1592 4211 1618 4270 p.
1635 4207 1699 4260 275.
1731 4192 1776 4250 Cl.
1799 4194 1942 4270 Sclralrr'ag.
1963 4194 1996 4252 ad
2020 4191 2053 4252 ff.
2064 4193 2098 4254 de

554 4255 598 4314 sici
615 4259 707 4334 potest.
735 4266 808 4321 Cum
823 4263 1194 4324 sieilianmidiniaeodem
1209 4281 1312 4342 tempo·
1342 4261 1404 4324 Off.
1423 4267 1500 4324 Proe.
1522 4271 1549 4336 §.
1564 4285 1590 4340 ς.
1611 4270 1669 4326 Val.
1684 4267 1930 4329 Max.lib.r1.c.
1950 4287 1994 4326 ιι.
2011 4289 2101 4331 erem.

554 4330 680 4393 tesadlae
693 4337 745 4396 sint
766 4341 934 4418 provinciae,
955 4359 1023 4419 quae
1045 4361 1060 4399 a
1083 4341 1251 4406 Praetoribus
1271 4361 1312 4400 re·
1339 4349 1358 4397 6
1362 4383 1368 4398 .
1410 4341 1495 4419 Quod
1512 4341 1584 4401 idem
1598 4344 1631 4403 de
1645 4343 1694 4403 ltac
1709 4347 1821 4404 Catonis
1835 4361 1953 4421 practura
1968 4339 2099 4404 testantur

552 4408 702 4488 gemui,
725 4413 763 4486 (ui
777 4433 847 4493 patet
861 4436 896 4475 ax
910 4416 1210 4497 locismodoallcgatis)
1231 4417 1311 4474 adco-
1340 4418 1432 4474 Liuias
1447 4423 1473 4476 δι
1495 4421 1657 4480 Plutarchus.
1697 4424 1758 4498 ligia
1778 4437 1841 4480 reto
1859 4419 1909 4475 erit
1931 4419 2030 4474 admitti
2053 4443 2101 4478 ra.

551 4505 605 4620 goe
620 4485 739 4545 Sardinia
752 4509 808 4548 non
823 4493 910 4568 potuit
927 4491 1014 4570 subigi
1029 4512 1045 4551 a
1060 4495 1184 4551 Praetorc
1199 4493 1310 4576 Siciliae.
1338 4498 1398 4562 nir,
1425 4499 1514 4565 texit,
1540 4514 1571 4554 ut
1590 4518 1667 4574 agere
1686 4517 1806 4572 regnam,
1836 4493 1943 4572 dequo
1964 4491 2102 4558 locutione

564 4561 595 4620 cd
610 4561 683 4642 quod
698 4583 753 4622 ror
766 4567 868 4625 Siciliae
882 4568 1037 4645 interposita
1052 4567 1101 4638 stt,
1121 4589 1155 4626 cr
1181 4571 1310 4646 superiori
1339 4567 1428 4628 conset
1447 4572 1506 4630 Cel.
1522 4571 1621 4632 Duker.
1643 4573 1677 4631 ad
1691 4573 1794 4628 Floram
1808 4566 1856 4625 lib.
1875 4588 1906 4627 ι.
1920 4587 1980 4646 cap.
1998 4591 2047 4628 ιι.
2065 4581 2095 4645 §-

550 4637 627 4707 uersu
641 4638 720 4696 duxit
734 4643 886 4720 originem,
907 4643 982 4718 cujus
997 4645 1176 4720 corruptionis
1199 4643 1309 4725 vestigia
1340 4667 1366 4704 2.
1386 4647 1449 4703 Liar.
1464 4647 1512 4705 lib.
1530 4667 1555 4705 ι.
1577 4667 1635 4723 cap.
1651 4664 1760 4704 ιιιιι.
1787 4647 1859 4704 lnrer
1879 4645 1976 4722 fiscella
1992 4647 2025 4708 ab·
2036 4667 2105 4707 arar

545 4715 696 4792 exstantin
709 4717 803 4778 Barna.
817 4717 847 4776 in
860 4737 916 4798 quo
927 4738 998 4780 erat:
1020 4723 1049 4780 ln
1070 4723 1220 4790 Sardiniam
1229 4735 1308 4800 praa·
1339 4721 1516 4800 arlaramrffr
1530 4737 1633 4801 regom
1648 4723 1712 4780 rari.
1750 4719 1902 4800 Patrstaram
1920 4743 1997 4801 agera
2023 4741 2039 4782 ι
