4760 5800
596 267 1602 432 enarrarem

296 493 429 608 oron
444 447 694 580 serentum
710 493 908 604 Delphini
924 487 1036 578 edua
1052 491 1350 576 commentaria
1366 489 1847 608 Annaer‘mqamsm:

178 615 182 620 ’
249 707 257 720 ,
303 611 371 700 bri
398 608 505 696 filiae
532 605 707 715 adjecitr
739 611 927 721 quamvis
941 633 1029 697 nou
1046 603 1340 714 peccasset..s1
1363 601 1437 688 fibi
1453 605 1682 694 retinuisset
1704 611 1846 722 vulga,
1930 699 1980 710 Π

304 723 371 814 res
386 721 428 804 δι
443 723 592 810 nullius
608 720 735 807 hodie
747 721 952 808 momenti
970 737 1094 806 notas
1110 716 1382 803 Machares&
1397 717 1592 831 pleraque
1609 716 1848 812 bellissimae

292 837 527 937 deminae,
551 833 594 918 dr
619 859 698 944 pro
715 837 791 932 iis,
820 831 957 920 finon
979 835 1176 926 aliorum,
1204 851 1319 918 certe
1342 834 1521 942 integras
1536 831 1703 926 ,Schottr'
1728 857 1846 924 notas
1978 905 1980 910 ,
2096 875 2100 904 .

307 946 662 1064 repraesentasset,
689 951 903 1064 quain-re
925 971 1049 1058 quam
1076 942 1318 1052 frequenter
1339 968 1555 1055 peccatum
1579 943 1658 1044 sit,
1688 973 1740 1033 co
1799 977 1847 1034 o·

309 1061 425 1152 secut
445 1063 525 1158 illi,
554 1063 626 1171 qui
643 1086 708 1164 eas
723 1061 858 1144 mustis
877 1059 999 1156 locis,
1028 1053 1264 1166 praesertim
1279 1055 1482 1168 prioribus
1508 1060 1711 1168 capitibus
1761 1063 1847 1149 iro·

307 1169 402 1266 ‘tum
419 1172 655 1271 illustrium,
682 1174 804 1283 longe
824 1171 1074 1283 copiofiotes
1101 1165 1143 1252 dt
1165 1165 1369 1256 nudiores·
1386 1172 1624 1284 reperient,
1654 1199 1750 1262 cum
1772 1201 1846 1264 ne·
1890 1259 1895 1270 ,

312 1291 487 1404 glexerit
508 1285 581 1372 suo
599 1287 694 1372 loco
708 1287 886 1374 inserere
907 1311 976 1384 eo,
1004 1284 1167 1394 quaein
1188 1281 1391 1372 addendis
1411 1286 1604 1385 interseri
1623 1288 1844 1375 mandave-

314 1421 379 1490 rat
397 1397 475 1488 Vir
488 1395 660 1488 Dauus.
716 1401 936 1486 Praeterea
958 1396 1068 1484 haud
1095 1422 1190 1490 raro,
1216 1395 1391 1507 peffimo
1417 1399 1631 1510 exemplo,
1659 1399 1729 1487 ubi
1750 1399 1847 1490 Virs

314 1514 419 1604 iilius
436 1534 554 1602 notas
575 1511 840 1622 descripserat
855 1509 974 1598 sexus
987 1509 1206 1596 tenerioris
1228 1509 1486 1622 Decus,quo
1505 1509 1674 1600 consilio
1688 1514 1846 1600 divina·

308 1656 356 1717 re
376 1629 528 1724 nolim,
554 1621 715 1733 rejectis
728 1643 854 1734 atque
869 1623 1060 1732 relegatis
1073 1617 1275 1731 prioribus
1293 1623 1423 1721 notis,
1451 1638 1610 1712 tantum
1625 1615 1846 1739 posteriori

311 1741 457 1828 Annae
471 1731 846 1846 excerptaLediuri
860 1729 1058 1820 obstrusit.
1116 1729 1159 1816 Si
1180 1734 1237 1816 ita
1251 1729 1466 1819 trademus
1479 1735 1681 1822 Virorum
1695 1735 1847 1824 Erudi-

311 1849 458 1938 torurn‘
474 1864 571 1934 arte
587 1846 1159 1955 noscommenrarir,primrs
1175 1843 1291 1930 brevi
1307 1863 1645 1958 temporepartes
1660 1849 1717 1934 ssli
1731 1869 1846 1938 tene·-

313 1963 420 2050 bttut
438 1964 708 2068 interpretes,
734 1961 808 2071 qui
828 1960 1002 2068 pervim
1024 1956 1196 2066 direptis
1209 1958 1383 2042 aliorum
1405 1959 1756 2071 observationibus
1778 1989 1844 2048 eas
1897 2025 1906 2039 .

219 2133 223 2140 -
315 2072 715 2184 inprudentioribus,
742 2067 962 2185 quibusnd
986 2070 1256 2182 elegantiores
1278 2071 1403 2180 dapes
1436 2072 1570 2159 aditus
1596 2099 1682 2159 non
1704 2093 1845 2184 patet,

311 2211 391 2302 pro
405 2188 484 2276 suis
509 2184 737 2296 adponunt.
794 2187 882 2274 Nos
905 2211 954 2270 ea
980 2187 1246 2280 mutavimus,
1274 2183 1390 2296 quod
1417 2211 1544 2270 nemo
1569 2185 1852 2296 meliorvitio

311 2319 460 2390 vertet.
516 2299 560 2384 Si
586 2301 668 2388 hoc
697 2298 828 2388 modo
856 2299 1025 2410 gratiam
1052 2325 1076 2382 a
1104 2294 1496 2384 cultiffimaFemina
1522 2299 1631 2384 inire
1654 2295 1845 2384 voluisset

314 2415 618 2524 Pitiscus‚eam
645 2412 741 2500 alibi
768 2410 977 2529 insigniter
1006 2430 1274 2522 corrumpere
1289 2407 1874 2510 nondebuiffetmbiuchortir

316 2525 664 2614 observationibus
682 2525 786 2612 illius
799 2543 918 2611 notas
931 2522 1134 2635 subiungit
1147 2580 1159 2621 ,
1172 2547 1271 2608 cum
1286 2523 1340 2610 sic
1358 2520 1477 2608 facite
1495 2523 1688 2632 cognosci
1709 2525 1853 2620 liceat,
1899 2519 1905 2534 ’
1952 2515 1963 2536 “

315 2639 430 2725 unde
445 2665 493 2721 ea
505 2640 635 2748 petitu
653 2638 696 2720 ἃ
717 2637 831 2721 surto
848 2633 1032 2738 surrepta
1045 2637 1152 2730 ,vel,
1164 2653 1212 2716 ut
1231 2636 1387 2718 mitiori
1400 2633 1530 2730 verbo
1548 2654 1672 2733 utar,
1694 2635 1847 2722 descri-
1887 2733 1892 2740 ,
1935 2715 1941 2726 .

159 2781 163 2789 ·
315 2767 387 2858 pta
398 2748 505 2832 sunt.
549 2745 643 2836 ,Sed
657 2741 938 2852 propriahaec
952 2733 1125 2826 familiae
1145 2740 1202 2825 est
1217 2744 1444 2841 calamitas,
1471 2767 1567 2828 cum
1584 2751 1730 2856 nuperi
1745 2747 1847 2832 Edi·

319 2876 433 2944 tores
452 2853 554 2938 masc
571 2851 625 2938 de
639 2849 816 2940 Daerio
837 2853 1085 2950 meruerint,
1114 2853 1229 2962 quod
1246 2857 1288 2938 in
1311 2852 1419 2962 Festo
1438 2880 1535 2939 eum
1559 2855 1759 2970 scaligero
1772 2847 1845 2945 nd·
1960 2847 1976 2866 ⁶

317 2965 498 3052 diderint
511 2966 720 3050 comitem.
749 2971 756 2982 '
777 2963 895 3050 Hinc
909 2961 1007 3048 ind'e
1020 2960 1242 3071 adjecimus
1253 2963 1466 3051 nonnuisas
1483 2969 1665 3054 minores
1689 2961 1846 3056 tshotti

314 3093 455 3172 notas,
481 3101 586 3188 quoe
608 3079 651 3162 in
670 3074 815 3184 mojori
829 3075 1014 3166 editione
1034 3077 1169 3162 textui
1181 3074 1380 3188 subjudice
1395 3089 1534 3175 erantr
1563 3084 1846 3192 quamvissae2

313 3215 366 3301 pe
392 3215 477 3278 uon
500 3191 667 3275 maximi
680 3187 807 3276 essent
830 3191 1053 3287 momenti,
1081 3190 1290 3302 negsigere
1312 3209 1449 3279 tamen
1471 3191 1588 3277 nolui
1613 3194 1690 3279 illis
1717 3198 1760 3281 in
1782 3199 1845 3282 lo·

313 3307 389 3404 cis,
419 3299 490 3395 ubi
509 3303 662 3412 aliquid
675 3303 898 3399 adderent,
926 3301 1041 3412 quod
1057 3305 1100 3386 in
1114 3303 1336 3412 majoribus
1347 3329 1434 3390 non
1451 3305 1720 3392 inveniretur.
1760 3307 1842 3395 Ea·
1943 3383 1949 3392 .

313 3415 409 3500 dem
424 3441 523 3501 cura
538 3411 795 3500 tradavimus
810 3413 1267 3530 ts'ylburgium,qni=cum
1278 3416 1380 3502 nihil
1395 3416 1484 3502 fere
1499 3419 1709 3532 contineat
1728 3445 1845 3530 praec·

314 3545 378 3614 ter
392 3545 588 3638 excerpta
608 3555 661 3612 ex
679 3526 860 3626 Schouo,
888 3530 1050 3638 integer
1061 3523 1240 3612 adscribi·
1252 3521 1346 3612 non'
1355 3526 1511 3616 debuit.
1570 3527 1653 3614 Ubi
1671 3531 1745 3614 alia
1768 3559 1845 3615 no·

246 3697 251 3707 ·
314 3637 374 3724 bis
396 3661 552 3738 narrat,
578 3641 683 3725 vel'a
700 3639 816 3730 ducit
831 3638 891 3729 sui
912 3637 1112 3726 sententia
1128 3637 1314 3738 decedit,
1336 3667 1385 3726 ea
1402 3641 1674 3750 idposuimus.
1703 3639 1844 3752 Hujus

316 3751 445 3838 editio
462 3779 564 3841 cunr
577 3754 705 3841 rarior
723 3751 842 3851 esset,
873 3751 915 3836 dr
934 3751 1078 3838 frustra
1097 3779 1126 3837 a·
1141 3777 1209 3850 rue
1256 3753 1407 3840 uaesrta
1434 3753 1530 3849 diu,
1559 3771 1749 3844 notarum
1770 3757 1851 3844 de-³

201 3957 207 3966 ,
313 3859 618 3970 scribendarum
633 3865 816 3952 laborem
834 3864 926 3954 sune
954 3864 1093 3952 taedio
1113 3866 1223 3976 plen‘
1257 3891 1390 3954 rmum
1412 3864 1518 3951 inse
1550 3863 1742 3978 suscepit,
1771 3873 1844 3984 qui

313 3991 404 4058 tunt
424 3979 619 4080 temporis
635 3975 864 4066 studiorum
881 3975 1011 4062 caussa
1033 3977 1225 4086 Lugduni
1238 3981 1488 4068 Batavorum
1505 3981 1618 4086 (nam
1634 3979 1701 4064 ibi·
1714 3981 1845 4068 serva·-
1986 4001 1992 4014 ·

312 4105 380 4170 tur
394 4111 443 4170 ea
463 4084 593 4170 editio
613 4089 656 4173 in
668 4091 929 4178 Bibliotheca·
939 4086 1116 4200 publica)
1135 4087 1278 4198 agebrt
1293 4093 1372 4179 Vir
1380 4088 1862 4184 EruditiffimusDavid'

310 4199 545 4296 Franziru,
572 4223 669 4282 cum
694 4204 871 4290 maxime
893 4197 1550 4292 ScholaeThilanacModerator
1572 4199 1841 4311 dignissimus.

311 4310 420 4426 Quo
429 4310 636 4398 beneficio
647 4307 829 4398 adtectus
841 4317 956 4400 omui
970 4332 1158 4420 tempore
1174 4309 1217 4394 dr
1231 4315 1488 4404 mernoresse
1503 4313 1557 4400 δι’
1568 4331 1706 4424 gratus
1718 4343 1846 4408 cooa-

310 4419 402 4510 bor.
455 4423 577 4512 Haec
599 4421 712 4524 sunt,
740 4449 921 4536 quaeex
937 4427 1109 4510 aliorum
1122 4429 1233 4513 notis
1248 4427 1845 4538 huicssditioninovcpotissb

309 4557 432 4626 mum
452 4537 673 4640 accessere,
700 4542 754 4628 io.
774 4537 955 4658 reliquis·
969 4533 1187 4626 obsecutus
1208 4544 1419 4634 voluntati·
1445 4537 1843 4652 Typogmphorums

1848 4605 1853 4620 0

1832 4653 1841 4668 Ι

1008 4657 1022 4684 ’
1105 4647 1242 4757 ’'*s
1771 4672 1851 4758 ‘uu
