4760 5800
832 305 1792 428 PRAEFATIO.

511 542 601 650 celse
643 538 790 632 librum
820 535 1069 652 inscriptum
1101 541 1150 626 de
1182 544 1352 660 Origene
1380 543 1624 645 Patavina,
1660 559 1706 628 ac
1734 493 2055 652 Persianaefeit

512 655 763 744 Patavinae.
800 649 900 786 :Sed
916 653 1181 852 <gundomum
1197 658 1290 792 lege
1317 674 1483 790 cautum
1505 657 1612 791 suit,
1641 677 1688 744 ut
1714 655 1787 740 soli
1806 656 1990 789 Pediano
2010 659 2055 744 li.

512 785 627 852 ceret
655 766 708 854 de
735 763 907 880 Ortgrne
960 785 1115 856 atavtna
1141 767 1344 858 scribere?
1400 775 1444 854 br
1472 769 1548 856 tllts
1584 788 1836 883 argumentis
1873 795 2055 880 pugnare

512 879 747 990 permissum
776 875 846 978 stt,
875 877 1064 968 Romana
1092 881 1274 968 Ciuitate
1303 881 1485 968 nostrum
1503 879 1732 994 Auderem
1753 881 1908 991 possem
1928 884 2058 969 dona·

513 1019 586 1092 re,
612 994 708 1103 quia
743 989 896 1103 scripit
930 992 976 1076 de
1002 994 1171 1109 Origine
1191 995 1388 1087 Romana,
1419 994 1608 1106 adeoque
1638 997 1716 1084 fuit
1747 995 1980 1091 Romanus,
2011 991 2056 1078 de

514 1104 639 1218 longe
655 1106 773 1203 alius,
798 1130 845 1190 ac
862 1103 1090 1204 Pedianus,
1116 1110 1189 1217 qui
1205 1107 1423 1192 Patavinus
1440 1126 1543 1192 erat.
1597 1112 1665 1192 An
1683 1107 1864 1206 Livius,
1895 1109 2057 1208 Florus,

514 1219 663 1330 reliqui
698 1216 796 1303 ideo
825 1217 1006 1304 Romani
1042 1239 1187 1317 erunt,
1215 1221 1311 1331 quia
1348 1243 1412 1303 res
1438 1219 1645 1304 Romanas
1673 1219 1820 1304 litteris
1846 1219 2056 1332 consigna·

514 1333 636 1418 runt?
668 1332 787 1416 nimis
815 1329 977 1416 infirma
1001 1331 1094 1417 talia
1116 1329 1229 1432 sunt,
1261 1331 1467 1418 &eadem
1492 1327 1705 1426 facilitate,
1734 1356 1817 1441 qua
1838 1333 2056 1418 adfirman-

515 1459 604 1553 tur,
633 1461 845 1530 corruunt.
904 1441 1057 1530 Tertio
1087 1443 1183 1530 loco
1208 1442 1392 1530 adfertur
1416 1443 1505 1558 llyli
1528 1443 1841 1538 convenientiae
1872 1443 1942 1530 sed
1972 1473 2058 1532 non

513 1555 648 1644 multo
670 1555 796 1668 majus
816 1555 1035 1643 discrimen
1054 1558 1162 1644 inter
1183 1583 1255 1642 eos
1271 1556 1358 1655 est,
1387 1583 1510 1670 quam
1531 1557 1755 1643 Ciceronem
1774 1558 1882 1643 inter
1909 1553 1951 1640 de
1969 1560 2057 1670 Ap-

502 1673 604 1781 pule
616 1670 708 1766 nm,
737 1686 807 1756 aut
826 1672 1014 1778 quemvis
1036 1671 1164 1757 alium
1183 1669 1417 1778 posterioris
1436 1671 1527 1757 aevi
1548 1667 1934 1780 Scriptorem,cum
1953 1670 2057 1758 mul·

515 1801 556 1866 ta
589 1699 739 1868 babeat
765 1780 993 1876 vocabula,
1022 1781 1076 1866 de
1095 1781 1243 1892 quibus
1276 1784 1460 1890 cogitare
1482 1807 1535 1864 ne
1563 1784 1734 1891 quidem
1763 1780 1954 1894 potuisset
1975 1785 2057 1867 Pe-

513 1893 666 1980 dianus.
726 1892 786 1978 Ut
802 1897 984 1987 mittam,
1011 1895 1053 1975 in
1074 1917 1127 1976 eo
1150 1917 1237 1976 non
1250 1916 1444 2001 apparere
1465 1891 1733 1977 Maronianae
1751 1895 1834 1978 illas
1864 1897 2057 1982 imitatio·

513 2033 613 2102 nes,
640 2031 746 2116 quae
769 2007 812 2088 in
835 2001 985 2088 Nostro
1006 1999 1169 2112 singulis
1194 2005 1351 2112 paginis
1380 2022 1618 2088 occurrunt.
1678 2001 1764 2086 Has
1796 2008 1972 2117 aliasque
2001 2007 2057 2094 ob

515 2117 665 2204 caussas
690 2111 841 2200 fadum
859 2111 949 2210 est,
984 2131 1031 2198 ut
1059 2141 1145 2200 non
1171 2116 1323 2200 multos
1345 2112 1522 2202 adseclas
1551 2111 1666 2202 nasia
1688 2111 1735 2197 fit
1764 2143 1812 2200 ea
1840 2116 2061 2218 sententia,

515 2253 643 2340 quare
666 2225 852 2312 Schottus
872 2228 1085 2336 ceterique
1115 2226 1311 2340 deinceps
1335 2228 1416 2316 hoc
1428 2227 1724 2428 guodcunque
1748 2227 1806 2312 esi
1826 2225 1950 2314 libelli
1970 2229 2060 2314 Au·

516 2343 616 2424 relio
635 2341 796 2428 Vieiori
814 2337 1101 2438 vindicarunt,
1127 2367 1358 2454 eorumque
1376 2371 1427 2429 au
1468 2345 1606 2428 oritati
1625 2341 1831 2428 creditum
1845 2339 1913 2425 esl.
1971 2339 2058 2429 Ve-

516 2480 609 2540 rum
638 2472 685 2538 ut
709 2453 868 2540 mittam
893 2453 1078 2554 titulum,
1108 2451 1152 2538 &
1180 2453 1361 2566 reliqua,
1388 2482 1494 2568 quae
1523 2477 1668 2542 contra
1687 2454 1791 2540 hanc
1816 2456 2058 2564 opinionem

516 2593 688 2656 movere
702 2571 745 2652 in
759 2583 930 2678 promtu
943 2564 1063 2665 esset,
1090 2571 1247 2654 nemini
1266 2597 1314 2654 ea
1331 2569 1530 2658 sententia
1549 2567 1782 2680 persuaderi
1796 2572 1970 2674 poterit,
1984 2571 2059 2680 qui

516 2678 746 2770 Auctorem
776 2680 830 2765 de
848 2676 962 2767 Viris
987 2678 1205 2768 lllustribus
1226 2681 1269 2766 δι
1290 2681 1530 2770 Caesaribus
1553 2709 1650 2768 cum
1670 2679 1752 2766 hoc
1776 2681 1928 2788 scripto
1956 2705 2058 2766 con-

517 2792 626 2882 ferre
670 2797 792 2892 velit,
821 2795 877 2878 ita
913 2812 1007 2878 toto
1034 2795 1156 2880 coelo
1183 2796 1416 2881 diverfitate
1450 2795 1540 2906 styli
1575 2791 1785 2883 differ'unt.
1842 2793 2058 2882 Praeterea

517 2927 740 3014 utrumque
755 2929 840 2988 non
863 2903 943 2988 eu'e
960 2905 1124 2986 Aurelii
1140 2928 1242 3010 opus
1255 2905 1322 2986 vel
1337 2907 1428 2986 satis
1446 2923 1559 3008 patet
1572 2905 1625 2986 e'x
1639 2911 1774 3012 primo
1787 2905 2058 3010 capiteViro·
2119 2923 2125 2936 ·

519 3045 611 3104 rum
629 3013 841 3100 lllussrium
857 3010 911 3095 de
931 3012 1060 3095 Proca
1076 3013 1217 3122 Rege,
1242 3014 1358 3124 quod
1380 3036 1479 3098 cum
1495 3017 1792 3098 convenienter
1813 3010 1904 3096 suae
1922 3041 2058 3102 narra·

520 3129 624 3214 tioni
638 3123 853 3212 adneiiere
875 3149 959 3208 non
974 3119 1129 3234 posset,
1162 3125 1345 3236 quisquis
1361 3124 1530 3212 demum
1547 3123 1619 3221 fit,
1647 3124 1830 3232 Originis
1848 3121 2055 3236 Scriptor‚
2081 3145 2087 3157 ·

518 3247 725 3354 integrum
762 3233 917 3330 omisit,
947 3239 1043 3345 quia
1079 3235 1164 3330 illa,
1194 3261 1299 3350 quae
1323 3266 1376 3324 eo
1415 3243 1708 3334 continentur,
1748 3237 1864 3320 latius
1903 3241 1945 3322 in
1982 3235 2054 3324 suo

517 3349 817 3441 commentario
841 3345 923 3456 jam
951 3345 1236 3458 pertradalset.
1294 3349 1414 3438 Haec
1433 3376 1531 3448 res,
1559 3351 1603 3436 ni
1629 3351 1767 3437 omnia
1787 3347 1965 3449 fallunt,
1992 3353 2055 3438 in·

517 3469 630 3554 dicio
649 3461 729 3560 est,
759 3462 882 3548 alium
901 3459 980 3546 elie
1003 3457 1230 3549 Aufiorem
1252 3459 1450 3551 Virorum
1475 3461 1709 3561 lllustrium,
1739 3464 1811 3573 qui
1841 3490 1957 3549 more
1980 3463 2054 3548 suo

517 3581 696 3666 breviter
727 3593 850 3685 caput
878 3575 1056 3682 primum
1083 3573 1327 3674 absolverat,
1356 3577 1480 3662 alium
1507 3605 1626 3674 eum,
1656 3579 1728 3687 qui
1752 3576 1869 3661 latius
1884 3579 2054 3663 Romuli

515 3693 724 3804 Remique
757 3689 961 3799 originem
983 3690 1147 3797 repetiit
1156 3687 1173 3784 ,’
1197 3687 1241 3772 δι
1262 3688 1444 3786 deinde,
1475 3717 1527 3776 ne
1552 3693 1725 3800 repetita
1744 3684 1908 3772 crambe
1921 3687 2055 3776 offen-

517 3808 666 3900 deret,
698 3799 1044 3909 &piaecedentia
1061 3795 1210 3885 melius
1239 3801 1613 3902 connesterentur,
1642 3799 1741 3886 illud
1771 3799 1900 3909 ipsum
1930 3823 2054 3910 caput

516 3915 663 4006 omisst.
722 3913 888 3999 lnterim
910 3939 1052 4000 omnes
1068 3913 1357 4024 Manuscripti,
1387 3915 1416 4000 fi
1436 3917 1607 4013 abono,
1635 3940 1721 4025 quo
1737 3913 1829 3998 ulus
1853 3911 2051 4016 schottus,

517 4027 759 4126 discesseris,
787 4011 957 4111 aProc⁰a
984 4029 1101 4135 Rege
1124 4027 1392 4138 auspicantur.
1449 4028 1492 4114 Si
1512 4030 1652 4115 dicere
1672 4030 1818 4124 liceat,
1845 4029 1947 4137 quid
1964 4028 2052 4114 sen·
2162 4055 2182 4088 r

518 4157 635 4245 tiam,
664 4140 912 4228 crediderim
942 4137 1175 4249 posterioris
1201 4141 1372 4255 quidem
1402 4147 1523 4240 aevi,
1553 4141 1621 4228 sed
1639 4160 1874 4228 tamennon
1890 4143 2050 4248 ignobi·

517 4267 599 4350 lem
629 4256 954 4344 Grammaticum
976 4251 1113 4351 fuisse,
1141 4259 1214 4364 qui
1244 4283 1339 4342 cum
1363 4253 1525 4364 jundios
1553 4257 1608 4342 de
1625 4253 1738 4344 Viris
1760 4252 1977 4338 lllustribus
2007 4254 2050 4340 δι

516 4368 754 4463 Caesaribus
774 4365 952 4477 Libellos
980 4386 1190 4460 cerneret,
1219 4394 1304 4450 non
1334 4369 1461 4472 pallus
1481 4370 1538 4456 est
1554 4391 1756 4456 tantarum
1778 4392 1915 4451 rerum
1934 4370 2051 4476 igno-

516 4487 597 4578 rari
631 4480 831 4586 origines,
860 4501 986 4584 quare
1023 4501 1075 4560 ex
1111 4479 1229 4559 variis
1258 4480 1442 4591 undique
1465 4481 1737 4574 sindonibus,
1766 4479 2050 4588 &praecipue

517 4591 693 4712 Virgilio
711 4583 898 4698 collegit,
926 4611 1029 4700 quae
1050 4587 1100 4674 ad
1129 4604 1316 4704 tempora
1338 4591 1570 4682 Romanam
1590 4589 2049 4788 Rempublicamdprae-
2093 4645 2099 4656 ι

642 4757 651 4770 ,
978 4725 982 4734 ’
1473 4754 1476 4764 -
1766 4758 1774 4774 ·
1856 4731 1904 4789 ce
1937 4725 2062 4804 entra
