4756 5788
551 303 632 454 13'0
710 294 716 303 ’
934 329 1157 426 sextus
1184 331 1463 426 nummus
1491 333 1722 428 meror

552 531 616 620 sla
651 529 702 614 ab
737 525 940 636 Appuleio
976 521 1170 612 Tribuno
1200 525 1360 638 plebis,
1393 523 1636 631 damnatus,
1671 527 1854 618 Ardeam
1884 523 2091 614 concellit.

519 641 658 729 lMox
682 665 774 724 cum
795 637 903 724 Galli
922 639 1106 720 Senones
1126 638 1272 722 relisl'u
1301 640 1354 722 ob
1379 635 1628 722 sterilitatem
1649 644 1757 751 agris
1787 639 1886 740 flas,
1913 633 2093 724 Clusium

551 751 688 836 ltaliae
711 747 907 859 oppidtun
926 743 1185 847 obsiderent,
1212 746 1314 830 milli
1338 751 1428 832 stmt
1447 747 1582 831 Roma
1599 771 1682 832 tres
1702 751 1840 852 Fabii,
1867 748 1936 858 qui
1951 747 2094 832 Gallos

514 842 802 962 ⁶monerent‚
838 881 884 944 ut
909 857 960 944 ab
995 857 1305 969 oppugnatione
1332 851 1576 942 desisterent.
1633 861 1695 944 Ex
1724 859 1785 946 his
1809 887 1914 944 unus
1947 881 2092 942 contra

514 969 608 1082 ijus
625 967 811 1082 gentium
829 971 873 1054 in
892 969 1020 1054 aciem
1042 965 1252 1079 procella,
1281 967 1324 1051 &
1345 967 1489 1052 ducem
1508 969 1720 1054 Senonum
1737 969 1953 1058 interfecit.
1993 972 2091 1072 Quo

552 1085 747 1166 commoti
774 1079 904 1182 Galli,
931 1079 1069 1192 petitis
1092 1079 1136 1161 in
1167 1075 1419 1162 deditionem
1444 1079 1612 1192 legatis,
1641 1107 1719 1165 nec
1743 1081 1981 1191 inpetratis,
2007 1079 2091 1164 Ro·

552 1219 660 1279 mam
681 1191 910 1301 pertentat,
937 1189 980 1276 &
1000 1187 1222 1276 exercitum
1238 1187 1470 1274 Romanum
1490 1189 1599 1301 apud
1622 1189 1772 1278 Alliam
1795 1189 1964 1384 lluviupin
1989 1187 2091 1272 ceci-

1948 1317 2090 1397 erunt,

552 1507 606 1568 lea
622 1506 829 1568 christianismo
843 1509 962 1576 alienus,
984 1525 1052 1585 quae
1066 1505 1170 1562 utinam
1186 1501 1308 1560 anobili·
1333 1521 1377 1581 ap.
1392 1505 1438 1563 Cl.
1453 1506 1553 1565 Duker.
1576 1509 1609 1568 ad
1625 1512 1726 1574 Florun
1748 1509 1796 1568 lib.
1814 1528 1870 1566 ιιι.
1885 1527 1943 1587 etp.
1965 1526 2042 1566 1111.
2063 1511 2091 1576 §.

555 1585 605 1646 bus
619 1586 816 1665 intelligantur,
836 1585 884 1662 qui
898 1587 1018 1652 mitum,
1039 1601 1121 1658 quant
1142 1579 1238 1637 lunatis
1254 1577 1306 1636 eal-
1342 1599 1371 1648 4.
1390 1583 1493 1639 &Cel
1515 1585 1689 1642 Burmannuan
1709 1585 1757 1644 lib.
1779 1605 1828 1644 xa.
1849 1589 1920 1644 Met.
1941 1581 2009 1644 vers.
2026 1588 2091 1656 546.

555 1663 631 1730 teis,
659 1681 714 1718 non
737 1662 804 1719 veris
829 1661 912 1718 attimi
941 1659 1021 1716 bottis
1048 1657 1148 1736 placere
1175 1653 1305 1712 studeant.
1335 1657 1484 1714 ARNTZ.

554 1739 726 1794 SCHOTT.
765 1739 840 1794 Nam
851 1751 945 1812 parunt
958 1737 1005 1803 id,
1024 1735 1156 1790 nonciuile
1168 1733 1237 1788 mola
1250 1731 1311 1806 ase'd
1375 1733 1515 1812 clusum]
1536 1735 1646 1810 Cltgsum
1661 1753 1736 1792 tetus
1751 1737 1884 1816 intellige,
1904 1735 2092 1796 mediterrane-

553 1813 688 1870 iumenutn
702 1815 779 1870 etiam
794 1811 887 1888 ttifiam.
927 1807 1130 1886 JovisSaltsque
1143 1809 1306 1882 equisaeqai·
1333 1825 1382 1863 um
1405 1809 1519 1868 Tusciae
1540 1811 1654 1888 opidum
1676 1812 1708 1870 ad
1730 1814 1850 1872 Glanum
1881 1813 2015 1881 fluvium,
2042 1809 2093 1889 qui

551 1891 645 1968 parari
660 1891 819 1946 Diiiataretn
839 1895 867 1945 in
889 1890 1033 1966 religionem
1055 1888 1131 1942 etiam
1152 1885 1304 1941 trabebant.-
1334 1901 1389 1940 non
1402 1885 1483 1962 longe
1497 1886 1531 1944 ab
1545 1887 1603 1944 lacu
1618 1885 1791 1946 Trasimeno.
1813 1891 1939 1946 ΑΝΝΑ.

554 1967 741 2042 triumphusque
755 1967 844 2022 aleam
858 1985 934 2022 unam
949 1967 1118 2020 maxitnerem
1131 1961 1307 2033 clariorquem
1373 1961 1463 2018 ltaliae
1476 1965 1622 2041 oppiduim]
1641 1967 1765 2024 Etruriae
1785 1969 1884 2042 epilam
1907 1963 2093 2024 Mediolanen-

571 2043 654 2100 ratt'or
661 2033 728 2121 suit.
749 2043 851 2099 Livius.
874 2043 996 2100 ΑΝΝΑ.
1032 2037 1124 2117 Ampl.
1147 2039 1260 2113 Cuperut
1273 2035 1307 2092 ad
1334 2033 1366 2092 sas
1381 2035 1455 2116 legit.
1477 2043 1556 2095 MSS.
1575 2043 1754 2099 semiustae.
1779 2041 1894 2118 Vulgata
1908 2059 1998 2099 tamen
2012 2039 2093 2098 lectio

548 2061 677 2177 ailant.
692 2119 725 2176 de
740 2121 828 2176 Mort.
847 2117 916 2176 Pers.
931 2136 990 2192 cap.
1006 2135 1077 2172 xva.
1318 2109 1396 2180 llerri
1413 2113 1507 2190 potest.
1527 2114 1628 2174 Causas
1648 2133 1757 2186 autent,
1778 2137 1825 2174 cut
1841 2119 1868 2174 itt
1891 2119 1996 2174 ltaliam
2020 2115 2094 2174 Galli

595 2198 628 2252 Et
639 2197 762 2273 praedant
775 2193 891 2272 inique]
913 2195 1042 2250 Praedam
1057 2189 1221 2266 Veientanam
1233 2207 1309 2262 mam
1320 2243 1321 2248 ,
1334 2192 1449 2247 Senones
1461 2189 1529 2248 duce
1545 2195 1651 2250 Brenno
1671 2192 1831 2266 irruperint,
1853 2195 1938 2251 varias
1960 2193 2093 2267 eolligunt

550 2271 702 2349 publicanda
711 2269 886 2347 sacrataque
904 2273 942 2326 ad
953 2269 1059 2326 nibilum
1080 2268 1187 2342 relegit.
1206 2263 1470 2340 invitaremus,
1496 2267 1605 2336 Liuius,
1633 2268 1786 2346 Dianyfiut,
1816 2273 1843 2326 δι
1864 2285 1898 2324 ex
1920 2267 1962 2324 lais
1984 2271 2092 2324 Hieron.

555 2347 681 2412 ΑΝΝΛ,
1335 2345 1442 2418 Magius
1454 2343 1502 2400 lib.
1519 2363 1574 2400 111.
1589 2343 1701 2402 Miscell.
1716 2364 1774 2424 cap.
1791 2365 1858 2403 ιιι.
1874 2349 1902 2400 bt
1919 2341 2093 2404 Alaiatuslib·

595 2424 640 2480 Ab
654 2421 809 2501 Appuleia]
831 2417 1037 2480 Mediolanenfis
1051 2425 1078 2477 ἀ
1096 2419 1182 2476 MSC.
1196 2417 1307 2494 quidam
1340 2436 1388 2474 ru.
1416 2417 1645 2496 Dispunstionurn
1666 2440 1791 2497 capu.
1822 2417 1994 2478 SCHOTT.
2034 2421 2093 2476 Ta·

555 2498 696 2560 Saturnino
711 2499 819 2574 adjecit:
843 2495 974 2556 Parisinus
996 2515 1061 2552 aero
1082 2495 1223 2560 Saturnia,
1244 2489 1309 2548 salso
1335 2509 1397 2550 men
1413 2495 1504 2551 tecuae
1518 2495 1676 2573 profitentur
1689 2495 1760 2573 apud
1774 2516 1825 2554 nos
1839 2515 1935 2552 omnes
1953 2499 2033 2552 MSS.

555 2569 1311 2726 list„:³⁶illllz'ltlttlll‘liiffii:
1335 2568 2093 2723 assiliitbaul'tti‘tllitillllt

559 2732 664 2788 turnino
680 2673 790 2786 Tranio&
800 2723 1031 2802 Grammlipulej'e
1041 2723 1114 2782 Teii.
1135 2721 1309 2780 Haunuu-
1338 2720 1543 2782 Mediolanensts
1556 2721 1620 2798 tniffi
1634 2725 1712 2780 Ranae
1725 2738 1777 2780 tres
1789 2725 1874 2781 Fabii.
1914 2723 2006 2779 Liuius
2019 2723 2093 2780 euim

558 2805 599 2866 bs
613 2823 703 2864 autem
771 2803 875 2862 oseebat
889 2819 1051 2881 praenomen
1064 2801 1153 2866 Lucii,
1174 2797 1250 2877 quod
1262 2796 1309 2856 ad-
1321 2794 1323 2805 *
1337 2799 1396 2873 Qu.
1413 2799 1525 2858 Fabium
1541 2797 1708 2856 Ambustum
1730 2805 1757 2858 δι
1773 2797 1864 2858 fratres
1879 2797 1947 2856 duos
1964 2803 2007 2858 M.
2026 2801 2094 2855 Am·

557 2881 678 2941 eliderant
698 2901 734 2958 po
746 2881 866 2940 tertona.
912 2876 977 2938 Vitl.
998 2875 1103 2934 Livium
1130 2874 1178 2934 lib.
1201 2895 1231 2934 r.
1252 2893 1310 2952 cap.
1335 2873 1407 2931 busti
1422 2873 1492 2934 filios
1505 2875 1528 2934 le
1548 2891 1629 2934 atosa
1643 2879 1738 2932 Senatu
1753 2874 1846 2934 milles
1861 2873 1937 2934 uiue
1952 2875 1985 2932 ad
1999 2873 2094 2934 Gallos

560 2977 668 3017 mu,
972 2999 976 3006 .
1269 3024 1274 3034 Ι
1335 2949 1458 3008 Clufium
1473 2893 1620 3010 obstientes
1633 2949 1723 3010 refert.
1743 2954 1779 3010 A.
1794 2957 1832 3012 U.
1847 2953 1885 3010 C.
1898 2953 2093 3010 ccctxtr.A

598 3031 746 3106 Artem]
766 3033 882 3086 Ardeam
895 3030 1026 3084 ciuitatem
1040 3023 1200 3102 praeferebat
1216 3020 1311 3081 Parali-
1337 3028 1449 3084 Diodoro
1471 3028 1617 3104 Qiniius,
1643 3027 1744 3103 Kaefh,
1765 3035 1794 3086 δι
1815 3026 1895 3102 cujas
1910 3027 1985 3084 Fabii
2006 3027 2089 3099 dieti,

480 3141 483 3146 ·
562 3123 622 3164 taus.
638 3106 809 3163 SCHOTT.
1322 3076 1384 3177 lqui
1407 3119 1479 3158 anno
1499 3103 1645 3180 insequenti
1666 3104 1783 3162 Tribuni
1805 3103 1924 3162 rnilitum
1952 3099 2097 3170 Consulatu

603 3198 617 3254 5
637 3177 738 3314 Galli}
759 3181 823 3238 Vox
832 3174 904 3242 ‚haee
916 3175 945 3233 in
961 3173 1080 3232 l’arifino
1101 3171 1186 3242 afuit,
1207 3179 1234 3232 tt
1243 3189 1311 3231 certe
1322 3143 1326 3225 l
1339 3174 1464 3262 potestate
1476 3175 1559 3236 litere.
1578 3181 1749 3238 SCHOTT.
1782 3182 1816 3238 Et
1830 3179 1898 3238 milti
1913 3197 2020 3258 quoque
2034 3198 2094 3238 ma·

560 3255 681 3337 baptrare
692 3256 719 3314 vi
738 3273 806 3314 etur.
825 3253 996 3310 SCHOTT.
1024 3249 1103 3308 Delet
1116 3255 1143 3308 ὅ(
1158 3251 1310 3309 Graiam&
1336 3269 1378 3328 gts
1391 3253 1487 3312 arridet
1500 3253 1580 3312 let'tie
1590 3255 1793 3334 Exemplariutn
1801 3256 2091 3314 calamoeraratoruma

560 3337 640 3396 Fran.
879 3327 888 3340 '
1337 3327 1401 3404 naiffi
1414 3331 1492 3388 Rome
1507 3345 1558 3388 tres
1572 3332 1648 3388 Fabii
1655 3355 1665 3396 ,·
1685 3351 1754 3410 quae
1768 3339 1796 3390 δι
1810 3335 1840 3391 in
1856 3332 1947 3390 Palatt.
1967 3333 2092 3390 GRUT.

598 3407 735 3486 Samen]
756 3406 799 3464 At
815 3409 904 3464 Utente
909 3404 1021 3479 flumine
1034 3405 1111 3481 usque
1130 3406 1170 3460 el
1178 3402 1264 3479 Aefim
1271 3403 1310 3477 fi·
1338 3407 1420 3462 Rana
1434 3420 1485 3464 tres
1497 3409 1573 3464 Fabii
1586 3406 1663 3466 Leid.
1679 3429 1719 3485 pr.
1734 3415 1763 3466 δι
1779 3412 1857 3466 Fran,
1880 3408 1967 3466 multo
1988 3408 2095 3486 elegan-

560 3505 602 3548 tes
615 3486 732 3544 initam.
753 3483 856 3540 Livius.
877 3482 1000 3566 nuum
1291 3553 1296 3566 ⁸
1337 3483 1400 3539 tius.
1426 3483 1536 3542 Romani
1548 3501 1599 3544 tres
1617 3487 1693 3542 Fabii
1718 3489 1813 3544 Haun.
1831 3487 1912 3544 Roma
1932 3501 1985 3542 tres
2002 3485 2095 3562 legati

599 3561 705 3620 Raliiit's
715 3557 817 3636 agria]
858 3561 930 3616 Inter
944 3575 1028 3615 tatus
1043 3556 1157 3614 rationes
1172 3593 1183 3625 ‚
1202 3551 1236 3612 tle
1250 3571 1310 3632 qut·
1336 3560 1451 3617 Gramen.
1492 3559 1602 3638 Ubique
1616 3559 1666 3620 hos
1679 3563 1761 3620 etiam
1775 3561 1876 3640 legatos
1896 3563 1985 3620 Fabiae
2005 3558 2097 3640 appel-

562 3637 613 3698 bus
627 3641 730 3696 Cat-tius
741 3635 776 3694 ad
789 3633 854 3692 Sall.
866 3637 931 3710 Jug.
945 3651 1004 3710 cap.
1020 3651 1089 3692 xta.
1106 3639 1133 3704 §.
1149 3651 1176 3689 r.
1191 3649 1239 3688 cur
1253 3633 1310 3688 Co·
1337 3634 1373 3691 lat
1388 3635 1481 3694 Livias
1494 3635 1542 3694 lib.
1559 3659 1591 3696 a.
1605 3657 1663 3715 cap.
1680 3657 1774 3697 xxxv.
1788 3645 1815 3695 tt
1829 3657 1941 3694 xxxva.

563 3715 618 3774 loni
632 3716 661 3772 in
676 3713 739 3772 alias
754 3713 876 3791 regiones
889 3707 1043 3778 trattstttnt,
1066 3709 1147 3766 etiam
1166 3705 1312 3764 recensetur
1377 3719 1395 3768 6
1415 3715 1458 3770 Eae
1474 3716 1513 3771 bis
1529 3714 1622 3792 unas.]
1644 3713 1714 3776 Vide
1730 3715 1794 3772 Liv.
1810 3713 1898 3774 liba.
1913 3729 2092 3792 eapaxxrr.

563 3785 685 3854 lluilieas
705 3807 846 3869 agrotum.
885 3787 977 3844 Seneca
991 3785 1025 3843 ad
1040 3783 1166 3843 Helviam
1181 3802 1240 3860 cap.
1261 3803 1311 3841 vr.
1340 3789 1462 3846 ΑΝΝΑ.

562 3862 663 3946 ¹tteap.
679 3885 750 3926 arr.
771 3865 799 3922 in
812 3861 861 3921 lin.
902 3865 952 3920 At
969 3863 1033 3920 itanc
1052 3862 1263 3920 commutationem
1278 3861 1311 3916 ii·
1377 3866 1581 3946 71npetraat's.]
1599 3869 1663 3924 ltno
1677 3865 1729 3936 lti,
1755 3885 1873 3946 quorum
1888 3865 1921 3926 de
2033 3883 2095 3946 age·

564 3946 651 4003 ienter
664 3946 766 4001 nemine
780 3942 899 4009 dabant,
926 3941 958 4000 ab·
970 3939 1067 3996 reliilis
1091 3941 1161 4013 agris
1188 3938 1227 3993 uis
1241 3951 1313 3994 trans
1338 3938 1432 4008 baut,
1453 3944 1571 4001 Tribuni
1591 3943 1711 4005 militum
1725 3941 1856 4004 consulari
1868 3885 2094 4023 poematum

560 4019 808 4098 enariasepueiatur
820 4019 917 4076 colanus
926 4015 1016 4091 senex.
1054 3937 1218 4098 Sic'quitsm
1232 4012 1313 4098 ibile-
1339 4015 1407 4075 lunt.
1428 4022 1556 4078 MACl-l.

562 4095 681 4176 gendum
695 4093 841 4162 tustino,
860 4091 930 4150 male
944 4087 1177 4178 circumserrtlolet
1189 4091 1312 4174 aeissuis,
1376 4093 1474 4152 Alliam
1490 4095 1640 4175 flavium]
1660 4097 1715 4154 Hic
1736 4117 1804 4156 arr.
1832 4095 1982 4156 miliaribus
2003 4099 2095 4156 Roma

564 4191 633 4250 quae
644 4193 700 4230 vox
714 4189 778 4228 eum
791 4187 856 4227 voce
870 4171 966 4226 abnue
979 4185 1092 4224 manime
1103 4182 1236 4224 couventt.
1257 4167 1313 4223 Ne
1337 4165 1436 4228 distans
1451 4169 1505 4240 est,
1527 4173 1666 4232 montibus
1686 4171 1850 4232 Crustumiis
1864 4172 1977 4234 affluens
1998 4175 2028 4231 in
2041 4170 2094 4229 Ti·

563 4265 615 4324 que
627 4250 700 4306 enim
715 4247 771 4316 illi,
791 4247 839 4324 qui
854 4263 954 4303 novam
970 4240 1114 4303 Coloniam
1139 4241 1311 4320 quaerebant,
1335 4243 1431 4303 berint.
1452 4250 1579 4306 MACH.

565 4323 750 4401 relinquebant
764 4321 838 4380 sacta
851 4321 914 4388 sua,
935 4319 1009 4398 qttod
1031 4337 1167 4378 notumex
1189 4317 1312 4378 Historia
1375 4324 1548 4404 Ceciderunt]
1564 4327 1606 4384 sit
1618 4326 1700 4386 etiam
1716 4331 1821 4389 Omnes
1830 4331 1910 4386 MSS.
1919 4326 1985 4384 olim
1999 4339 2092 4380 tamen

562 4391 688 4470 [Aenean
708 4399 776 4476 Tyri
791 4404 844 4456 tec.
866 4400 990 4474 Vergiliae
1005 4396 1063 4456 Eu.
1081 4417 1107 4454 1.
1121 4397 1181 4456 init.
1338 4397 1409 4456 Etliti
1425 4402 1584 4472 acciderunt,
1604 4405 1679 4484 quod
1693 4408 1813 4486 princeps
1828 4403 1940 4462 mutavit
1957 4403 2091 4471 Seianus,

643 4475 698 4530 Nes
711 4477 795 4532 dulcia
807 4477 944 4550 inquinas
955 4493 1036 4532 arua.
1336 4477 1461 4552 quamvis
1483 4478 1584 4537 nullam
1599 4484 1755 4540 mutationis
1769 4483 1848 4542 addat
1860 4477 1984 4538 eausam.
2024 4477 2094 4534 Cer-

562 4551 628 4616 lloe
641 4551 783 4633 reinquere
794 4553 902 4608 Penates
915 4549 985 4608 dixit
998 4549 1091 4607 Liuias
1112 4547 1159 4606 lib.
1181 4568 1231 4608 xa.
1254 4569 1312 4636 sap.
1323 4511 1389 4639 ltior
1403 4554 1457 4627 ejus
1475 4552 1514 4612 est
1531 4555 1631 4626 leuto,
1659 4559 1721 4634 quia
1745 4559 1782 4617 ita
1804 4558 1898 4617 volunt
1917 4553 2029 4629 Scripsi,
2050 4550 2095 4611 setl

563 4644 621 4688 nt.
635 4627 677 4682 Sic
691 4642 763 4682 etum
777 4625 815 4683 ibi
828 4643 860 4684 ea
872 4645 928 4682 vox
943 4623 976 4682 tle
989 4625 1116 4696 aedibus,
1131 4643 1186 4682 non
1202 4625 1236 4682 de
1250 4629 1312 4683 Dias
1339 4647 1411 4705 prtus
1425 4645 1514 4688 tamen
1529 4651 1584 4689 non
1598 4633 1789 4706 rejiciendum,
1810 4633 1830 4692 st
1845 4632 1931 4694 modo
1944 4629 2095 4690 addicerent

556 4701 598 4766 esl
611 4699 779 4782 exponenda.
817 4697 1029 4762 wmttamt
1042 4705 1194 4792 autemaria
1207 4705 1313 4780 &agria
1338 4704 1464 4766 Codices.
1489 4709 1628 4770 Frontinus
1647 4707 1698 4770 tib.
1722 4727 1748 4770 ι.
1771 4715 1852 4776 Suae.
1873 4730 1932 4792 cap.
1948 4729 1974 4768 a.
1996 4727 2042 4766 ex.
2064 4729 2097 4780 9.

1958 4787 2098 4864 Cepiasgut
